2208 2709
76 125 195 161 morat,
219 119 276 161 qni
291 117 393 150 aiam
415 114 592 150 secundum
614 112 731 144 famam
752 115 827 153 post
850 109 1027 143 Caeculum
1049 112 1216 154 regnavit,
1239 117 1314 153 aut,
1340 113 1375 145 id
1405 114 1491 154 quod
1513 113 1634 146 melius
1663 115 1808 156 videtur,

76 178 215 211 Her-ilus
236 187 296 209 rex
316 174 505 209 Siculorum
526 176 558 204 et
584 169 742 203 Caeculus
764 169 890 211 primus
915 178 974 200 rex
993 168 1283 203 Praenestinorum
1307 174 1381 213 post
1403 170 1556 212 expulsos
1579 182 1618 203 ex
1634 171 1732 203 Latio
1755 173 1809 203 Si-

75 235 168 267 culos
191 239 273 274 erat,
287 235 313 274 ¹)
337 241 432 274 quem
454 231 550 271 fama,
573 238 655 271 quae
677 227 753 259 inde
772 227 886 268 oppidi
902 226 1073 271 ⁴originem
1088 229 1206 262 ducere
1230 229 1356 270 mallet,
1376 229 1521 271 primum
1537 229 1682 260 omnium
1701 240 1810 271 regem

20 316 22 318 .
75 292 179 325 fuisse
203 290 366 323 narrabat.
564 322 567 324 Α

206 348 328 379 Omnes
351 345 441 377 Latii
462 343 561 375 urbes
583 341 711 382 regium
733 340 909 381 imperium
926 340 1036 372 eodem
1053 341 1122 374 fere
1143 347 1289 384 tempore
1308 343 1480 375 sustulisse
1496 343 1657 376 videntur
1669 342 1808 374 liberio-

75 414 206 445 remque
227 403 379 436 civitatis
392 402 530 433 formam
542 399 774 438 instituerunt,
790 398 955 438 imprimis
969 397 1175 430 Albanorum
1186 400 1369 441 exemplum
1383 406 1548 441 sequutae,
1572 411 1672 442 quum
1692 405 1807 441 poten-

76 461 221 492 tissimae
244 461 438 502 oppidorum
459 461 572 498 gentes
595 466 632 487 eo
659 455 865 495 niterentur,
894 459 932 486 ut
960 455 1051 496 regia
1073 462 1215 497 potestas
1244 457 1396 498 pluribus
1424 458 1682 490 distribueretur
1703 457 1805 491 viris.

16 550 18 553 ,
71 517 115 549 Et
135 517 345 550 Praenestini
367 515 498 558 quidem
520 518 594 545 ante
618 512 780 544 Romanos
801 513 966 551 ejecerunt-
984 523 1078 554 reges
1100 519 1132 546 et
1154 515 1293 546 fortasse
1322 516 1386 553 jam
1414 515 1554 547 multum
1578 521 1705 556 tempus
1729 519 1804 546 ante

18 566 19 569 Ἴ
72 575 161 606 illos.
207 573 390 615 Tarquinio
405 572 554 613 Superbo
573 571 742 602 etiamtum
763 575 918 611 regnante
933 570 1112 604 Tusculum
1127 573 1278 605 vicinum
1300 572 1491 605 liberiorem
1507 572 1640 614 imperii
1665 572 1805 604 formam

71 631 219 663 exhibuit
232 630 259 671 ²)
273 654 283 671 ,
309 640 405 671 quam
430 639 497 660 non
519 629 566 659 ita
591 627 695 658 multo
717 632 791 668 post
814 627 911 658 illum
933 637 1042 668 regern
1062 628 1162 661 Roma
1187 630 1356 671 expulsum
1379 630 1611 662 Praenestinos
1636 632 1699 661 iam
1725 641 1802 661 con·

16 708 21 712 =
69 693 222 730 sequutos
245 687 360 727 fuisse,
385 691 510 718 certum
531 689 637 717 exstat
659 684 895 716 testimonium.
941 683 1027 715 Nam
1048 686 1084 716 in
1110 687 1266 717 concione
1287 686 1494 727 Latinorum,
1518 698 1597 728 quae
1623 687 1662 718 ad
1677 687 1704 718 F
1707 697 1802 718 eren-

19 734 22 737 *
70 746 175 777 tinum
197 745 307 776 habita
329 749 398 784 est,
426 753 578 785 proceres
603 741 815 784 (πρόβουλοι)
839 746 871 773 et
893 741 1182 774 Praenestinorum
1197 749 1229 775 et
1243 743 1446 785 reliquorum
1470 744 1663 775 Latinorum
1686 743 1800 775 foedus

69 806 183 834 contra
205 801 367 833 Romanos
390 801 530 839 icerunt,
554 809 621 830 non
644 809 737 840 reges
759 798 816 830 vel
839 809 951 839 regum
971 798 1072 839 legati
1083 800 1122 840 ³).
1166 800 1277 841 Atque
1299 801 1496 840 Praeneste,
1528 806 1564 831 ut
1595 801 1663 831 sere
1691 800 1801 830 omnia

68 859 158 890 Latii
181 859 310 900 oppida,
334 858 537 899 aliquamdiu
558 857 618 888 sub
637 857 799 888 ditionem
818 856 922 888 Albae
945 855 1075 897 Longae
1099 857 1265 889 redactum
1277 857 1379 889 fuisse
1401 858 1550 898 videtur,
1574 857 1621 888 ita
1637 862 1673 888 ut
1688 867 1799 898 quain-

6 957 10 960 *
68 916 124 947 vis
144 926 209 946 non
231 925 367 956 prorsus
389 914 445 945 illi
467 915 544 946 urbi
566 919 674 945 essent
699 914 843 951 subjecta
866 918 972 944 tamen
995 904 1215 955 principatum
1231 915 1437 946 Albanorum
1460 915 1548 946 inter
1566 920 1689 946 ceteras
1708 913 1800 945 Latii

6 962 10 966 ”
68 960 165 1005 nrbes
194 976 407 1020 agnoscerent
421 971 459 1014 ⁴).
504 971 559 1004 Ad
584 971 667 1003 hanc
690 970 917 1003 condicionem
940 971 1147 1005 referendum
1169 973 1346 1012 existimo,
1377 972 1462 1014 quod
1494 971 1653 1004 Aurelius
1677 970 1801 1001 Victor

10 1027 14 1031 ’
68 1030 223 1061 Latinum
240 1030 389 1064 Silvium
405 1030 610 1061 Albanorum
633 1040 743 1069 regem
759 1029 920 1061 coloniam
936 1029 1109 1062 Praeneste
1133 1031 1266 1063 duxisse
1288 1036 1401 1062 narrat
1413 1032 1453 1072 ⁵).
1500 1030 1580 1062 Post
1592 1029 1697 1061 Albae
1715 1037 1799 1060 vero

67 1086 232 1118 excidium
251 1086 425 1118 Praeneste
449 1091 481 1118 et
502 1086 649 1128 reliquae
674 1085 764 1117 Latii
786 1086 884 1117 urbes
905 1096 1039 1127 prorsus
1062 1086 1199 1118 liberam
1225 1087 1376 1118 civitatis
1405 1088 1543 1118 formam
1565 1087 1798 1124 exhibuerunt,

67 1143 113 1174 ita
135 1149 172 1174 ut
193 1153 304 1175 omnes
324 1144 359 1175 in
381 1154 458 1185 pace
480 1148 587 1176 essent
610 1144 663 1175 sui
685 1144 782 1184 juris,
805 1144 890 1175 ortis
913 1148 1018 1175 autem
1042 1144 1140 1176 bellis
1165 1145 1233 1176 fere
1255 1155 1366 1176 omues
1388 1149 1501 1176 contra
1524 1144 1635 1174 hostes
1656 1152 1798 1173 connnu-

66 1209 124 1229 nes
142 1209 242 1229 unum
265 1200 457 1232 dictatorem
483 1212 684 1231 communem
707 1201 820 1232 ducem
844 1206 901 1232 aut
922 1202 1019 1233 etiam
1043 1202 1123 1233 duos
1150 1207 1365 1243 sequerentur
1377 1201 1415 1240 6).
1461 1202 1586 1232 Verum
1616 1210 1700 1230 anno
1730 1199 1800 1230 fere

9 1268 11 1270 ¹
67 1255 182 1296 quinto
203 1255 329 1288 decimo
347 1259 421 1298 post
441 1256 544 1289 Albae
567 1251 733 1289 excidium
755 1257 893 1289 Romani
910 1268 970 1299 per
990 1259 1251 1300 quinquennium
1276 1269 1349 1289 cum
1371 1257 1493 1298 priscis
1518 1256 1649 1286 Latinis
1674 1255 1798 1286 bellum

16 1356 17 1359 Ἰ
67 1318 246 1352 gesserunt.
293 1314 377 1345 Pace
396 1315 480 1346 facta
503 1315 538 1347 id
561 1320 688 1347 tantum
712 1317 907 1357 consequuti
932 1326 1001 1346 esse
1014 1316 1187 1355 videntur,
1211 1321 1250 1346 ut
1262 1316 1483 1345 Romanorum
1496 1322 1589 1353 reges
1604 1312 1800 1343 Latinorum

66 1369 250 1409 priscorum
273 1367 308 1398 in
330 1366 418 1398 bello
442 1367 538 1398 duces
561 1373 687 1405 essent;
711 1381 786 1398 nam
808 1372 958 1408 alioquin
976 1373 1090 1403 foedus
1115 1382 1253 1410 aequum
1273 1371 1338 1401 fuit
1353 1372 1389 1407 ⁷).
1436 1370 1592 1400 Attamen
1621 1379 1698 1409 opes
1732 1368 1798 1399 Ro-

5 1417 14 1422 ’
65 1434 233 1455 manorum
255 1425 291 1455 in
312 1424 383 1455 dies
407 1428 591 1455 crescentes
616 1429 735 1455 metum
751 1424 946 1455 Latinorum
967 1425 1126 1456 excitasse
1143 1425 1315 1465 videntur,
1339 1425 1385 1455 ita
1399 1428 1436 1455 ut
1455 1423 1592 1465 expulso
1612 1424 1797 1466 Tarquinio

66 1479 212 1522 Superbo
238 1480 323 1512 haud
348 1480 454 1512 inviti
477 1479 560 1512 belli
583 1480 718 1521 gerendi
741 1481 945 1512 occasionem
963 1481 1044 1512 bene
1067 1481 1208 1512 oblatam
1227 1491 1295 1512 esse
1314 1481 1550 1512 existimarent.

193 1538 307 1579 Itaque
333 1539 518 1569 concitante
542 1539 685 1570 Octavio
716 1538 868 1569 Mamilio
903 1537 1015 1570 contra
1042 1539 1204 1570 Romanos
1229 1539 1506 1579 conspiraverunt
1537 1537 1677 1578 triginta
1704 1537 1795 1569 Latii

65 1594 172 1633 urbes,
194 1606 331 1636 quarum
353 1606 506 1637 proceres
529 1597 568 1628 ad
589 1597 802 1628 Ferentinum
825 1596 1034 1633 jurejurando
1059 1596 1098 1627 ad
1122 1606 1290 1627 commune
1317 1595 1440 1627 bellum
1462 1605 1496 1627 se
1517 1595 1646 1626 foedere
1671 1595 1793 1626 obstri-

106 1711 132 1747 ¹)
153 1713 231 1740 Hanc
252 1713 425 1742 sententiam
446 1716 551 1751 probat
571 1715 682 1742 Cluver
702 1719 765 1743 ant
781 1714 848 1742 Ital.
870 1714 926 1748 111,
947 1714 1017 1744 953.
1036 1729 1076 1735 -
1098 1713 1125 1750 ²)
1145 1715 1261 1742 Lorenz
1281 1714 1300 1742 l.
1324 1714 1345 1742 l.
1369 1723 1396 1750 p.
1420 1713 1466 1742 15.

103 1760 141 1798 3)
152 1762 283 1799 Dionys.
303 1763 399 1793 Halic.
421 1764 462 1797 V,
486 1773 514 1800 p
538 1764 605 1793 326.
635 1765 696 1791 Hos
716 1773 853 1800 proceres
875 1764 1049 1792 decuriones
1071 1764 1174 1801 populi
1196 1763 1402 1796 Praenestini,
1424 1762 1477 1797 qui
1493 1761 1522 1789 in
1546 1760 1791 1797 inscriptionibus

122 1813 249 1849 passim
270 1813 417 1849 leguntur,
436 1813 528 1842 fuisse
548 1813 665 1842 Petrini
687 1813 774 1850 (anno
796 1814 815 1844 6
837 1824 866 1851 p.
890 1813 960 1850 Ch.)
979 1814 1132 1852 opinatur.
1167 1828 1208 1834 -
1249 1810 1276 1849 4)
1297 1814 1412 1841 Lorenz
1434 1813 1453 1840 l.
1477 1812 1497 1839 l.
1519 1821 1548 1848 p.
1576 1811 1621 1839 13.

103 1860 131 1897 ⁵)
151 1863 224 1891 Aur.
247 1864 287 1892 V.
309 1863 389 1898 orig.
409 1872 439 1898 g.
462 1873 485 1893 r.
505 1865 605 1898 XVII,
628 1864 662 1893 G:
689 1864 787 1898 Igitur
809 1869 949 1901 regnante
969 1865 1077 1891 Latino
1103 1864 1201 1891 Silvio
1223 1863 1355 1891 coloniae
1377 1863 1518 1889 deductae
1539 1868 1606 1888 sunt
1620 1861 1789 1892 Praeneste,

139 1912 243 1946 Tibur,
265 1912 366 1946 Gabii,
388 1913 544 1940 Tusculum
565 1922 594 1948 q.
617 1913 690 1947 seq.'
723 1914 835 1941 Laudat
856 1914 958 1941 Aurel.
980 1914 1018 1942 V.
1039 1922 1104 1941 ann.
1127 1913 1234 1949 pontif.
1257 1913 1312 1945 IV,
1334 1921 1418 1946 quem
1438 1912 1544 1938 librum
1564 1916 1704 1944 sequutus
1727 1918 1791 1936 esse

140 1962 258 1991 videtur
285 1962 372 1990 etiam
399 1962 468 1992 Liv.
491 1964 521 2001 1,
541 1963 578 1997 3,
599 1963 633 1993 7:
663 1963 710 1991 Ab
733 1973 767 1991 eo
789 1959 908 1998 (Latino
930 1962 1042 1998 Silvio)
1064 1962 1197 1990 coloniae
1218 1961 1331 1996 aliquot
1361 1961 1545 1989 deductae
1573 1961 1601 1988 h.
1621 1969 1647 1987 e.
1678 1960 1721 1986 ab
1749 1967 1791 1985 eo

141 2013 325 2041 conditae
353 2018 438 2041 sunt
466 2013 536 2041 illae
552 2015 649 2041 urbes.
691 2014 734 2042 Cf.
759 2013 902 2046 Liv.1,3‚
912 2013 939 2042 4.
961 2028 999 2034 -
1020 2013 1151 2046 Petrini,
1173 2012 1225 2047 qui
1245 2012 1342 2040 omnia
1363 2020 1436 2046 quae
1451 2011 1569 2038 diversa
1589 2010 1624 2037 de
1640 2009 1790 2043 Telegono

141 2066 170 2088 et
191 2061 226 2088 de
246 2062 382 2090 Evandro
405 2067 433 2090 et
453 2062 490 2090 de
511 2063 641 2090 Albanae
662 2063 795 2091 coloniae
816 2063 993 2090 deductione
1014 2063 1120 2090 tradita
1141 2068 1208 2090 sunt
1233 2071 1302 2089 vera
1322 2071 1387 2089 esse
1416 2061 1610 2094 commendat,
1633 2060 1791 2087 Praeneste

140 2108 219 2145 (ann.
244 2112 318 2143 1079
340 2121 366 2143 a.
389 2111 476 2149 Chr.)
489 2113 629 2141 extitisse
650 2114 739 2142 refert
760 2123 797 2142 un
817 2113 904 2141 misto
926 2112 956 2140 di
979 2112 1091 2147 Latini,
1111 2112 1143 2140 di
1163 2111 1253 2140 Greci
1275 2121 1291 2140 e
1310 2111 1343 2140 di
1363 2110 1464 2146 Frigj!
1485 2123 1525 2131 -—

104 2157 132 2194 6)
155 2160 246 2190 Dion.
269 2162 334 2193 Hal.
356 2164 386 2193 v
405 2173 434 2200 p.
457 2163 515 2193 339
537 2164 574 2191 cf.
597 2173 626 2200 p.
650 2163 717 2192 326.

103 2205 131 2244 ⁷)
152 2209 219 2237 Liv·
242 2210 267 2244 1,
289 2211 406 2243 32-33.
432 2213 525 2243 Dion.
549 2214 585 2241 n.
608 2214 653 2241 111
676 2223 703 2250 ρ.
728 2213 792 2243 ise.
813 2213 859 2241 1v
879 2221 910 2248 p.
931 2211 1001 2241 247.
1022 2212 1078 2245 111,
1101 2211 1166 2242 191.
