2208 2709
1128 32 1176 70 12

274 162 314 194 de
336 159 501 192 moenium
523 158 710 194 structura,
741 162 824 195 quae
845 157 987 185 vocatur
1003 151 1226 194 cyclopica—
1248 163 1349 195 genus
1373 152 1536 185 incertum
1559 164 1656 186 sensu
1677 152 1853 186 latiore—
1876 155 2012 188 exstite-

275 220 344 259 rit,
368 223 399 249 et
421 215 523 246 adhuc
543 212 605 243 sub
628 211 737 250 judice
761 210 804 241 lis
826 214 884 244 est,
930 209 1057 241 verum
1079 210 1179 242 certis
1195 211 1396 252 argumentis
1418 210 1624 250 comprobata
1646 211 1805 243 videntur
1828 212 1927 244 haee:

408 272 467 304 W.
493 269 569 302 Gell
595 269 629 300 in
653 266 936 309 pervestigatione
958 266 1116 299 Graeciae
1139 274 1421 301 monumentorum
1443 272 1475 298 et
1497 266 1555 308 qui
1577 277 1650 299 eum
1671 268 1801 311 sequuti
1827 274 1905 304 sunt
1927 274 2015 302 recte

278 331 488 371 distinguunt
507 329 595 359 inter
617 325 746 356 moenia
770 324 941 366 cyclopica
964 330 997 356 et
1018 325 1195 366 polygona,
1219 337 1299 368 quae
1325 331 1508 364 vocantur3
1536 335 1617 366 quae
1637 325 1771 358 diversa
1793 337 1863 357 esse
1885 331 2015 367 praeter

279 389 362 420 alios
385 388 465 417 bene
492 383 604 417 docuit
629 381 928 413 Raoul-Rochette
952 386 1067 413 contra
1087 382 1314 414 Petit-nadal
1332 384 1367 423 ¹).
1412 382 1536 414 Notum
1559 386 1628 421 est,
1658 381 1739 422 quid
1773 383 1908 414 intersit
1928 383 2016 414 inter

279 451 452 485 utrumque
476 449 586 482 genuS.
633 439 785 471 Deinde:
807 439 1012 481 cyclopicum
1034 450 1136 480 genus
1157 441 1323 471 vetustius
1346 444 1412 479 est3
1437 440 1506 477 eius
1528 443 1734 470 monumenta
1762 439 1797 470 in
1819 439 1918 479 Italia
1941 450 2015 481 per-

280 512 375 543 quam
400 509 474 530 rara
496 501 627 538 reperta
649 501 746 536 sunt,
770 501 802 527 et
826 497 891 527 iam
914 496 976 527 illo
998 500 1155 537 tempore,
1180 507 1244 538 quo
1266 497 1424 529 historiae
1446 496 1545 527 certis
1568 496 1767 527 testimoniis
1793 497 2017 537 comprobatae

281 557 394 591 statuti
414 561 492 588 sunt
524 554 675 594 termini,
699 559 812 595 gentes
835 565 873 586 eo
895 565 962 586 non
992 565 1068 586 usae
1100 559 1196 592 sunt;
1225 565 1327 596 genus
1351 554 1550 597 polygonum
1572 559 1678 585 autem
1706 555 1864 595 temporis
1889 554 2018 587 ratione

281 616 390 646 habita
416 614 569 655 sequitur
593 613 798 654 cyclopicam
818 617 1037 651 structuram,
1064 622 1123 652 per
1144 622 1289 652 magnam
1309 612 1425 643 Italiae
1446 617 1571 654 partem
1583 611 1609 651 2)
1633 612 1703 648 ejus
1730 611 1891 652 reliquiae
1914 613 2018 644 adhuc

282 676 410 704 exstant
424 695 433 712 ,
458 681 518 712 per
543 680 695 711 magnum
722 670 881 711 temporis
899 669 1041 711 spatium
1064 667 1179 700 Italiae
1202 674 1314 710 gentes
1336 669 1395 701 hoc
1418 670 1583 701 moenium
1602 668 1876 701 exstruendorum
1899 680 2018 712 genere

280 731 334 762 usi
355 734 455 760 sunt:
487 728 673 768 addidegim
705 737 771 757 non
797 731 922 757 tantuin
946 737 1048 767 usque
1077 727 1116 757 ad
1138 737 1250 767 regum
1271 727 1489 758 Romanorum
1511 732 1650 767 tempu5‚
1674 726 1732 758 sed
1755 736 1791 758 eo
1814 737 1933 768 usque,
1955 737 2018 768 quo

281 786 401 818 Italiae
424 784 541 827 populi
563 784 786 816 Romanorum
808 784 946 825 imperio
972 781 1110 825 subjecti
1131 786 1217 816 sunt.

413 843 523 875 Huius
538 842 677 874 alterius
701 841 833 882 generis
855 840 996 882 speciem
1013 841 1168 873 exhibent
1188 842 1414 887 vetustissima
1434 841 1622 874 Praenestis
1644 841 1758 882 oppidi
1779 842 1918 881 moenia,
1939 852 2020 881 quae

283 901 387 931 adhuc
404 898 618 937 habentur-³).
666 897 878 928 Praenestini
908 896 1019 927 eodem
1042 898 1207 929 moenium
1228 899 1499 930 exstruendorum
1523 909 1639 939 genere
1661 909 1697 930 eo
1718 908 1820 939 usque
1842 897 1896 928 usi
1917 897 2020 929 fuisse

282 958 455 996 videntur,
480 966 544 996 quo
570 955 727 996 oppidum
750 965 767 985 a
789 953 883 985 Sulla
906 960 1124 997 expugnatum
1147 961 1205 988 est.
1252 956 1338 987 Nam
1362 967 1442 997 quae
1464 961 1639 996 supersunt
1659 955 1820 996 reliquiae
1842 959 1897 986 aut
1918 962 2021 995 genus

284 1014 486 1054 polygonum
513 1013 671 1042 exhibent
680 1034 690 1050 ,
718 1015 774 1041 aut
794 1021 896 1050 genus
920 1010 1130 1042 reticulatum
1155 1012 1318 1043 incertum
1331 1014 1373 1052 ⁴¹),
1397 1023 1459 1053 quo
1485 1013 1598 1044 Sullae
1620 1016 1810 1052 tempestate
1833 1011 2020 1050 utebantur,

286 1075 339 1102 aut
361 1080 463 1111 genus
490 1079 614 1101 massae
637 1067 812 1110 quadratae
824 1068 874 1108 ⁵),
896 1067 981 1110 quod
1000 1073 1153 1110 vocatur,
1177 1080 1241 1111 quo
1257 1069 1396 1102 Romani
1419 1071 1583 1112 imprimis
1606 1070 1840 1112 imperatorum
1863 1067 2020 1110 tempori-

328 1214 353 1251 ¹)
375 1216 526 1251 Imprimis
548 1216 578 1242 in
600 1215 705 1242 libello
727 1214 779 1249 qui
801 1214 901 1241 inser:
924 1213 1072 1241 moniteur
1093 1214 1226 1250 parisien
1253 1224 1318 1244 ann.
1344 1216 1419 1245 1812
1440 1215 1477 1244 cl.
1500 1224 1562 1242 nro.
1584 1215 1641 1243 110
1664 1224 1692 1249 q.
1714 1224 1776 1251 seq.
1819 1215 2021 1243 Petit—Radel

362 1266 456 1293 fusius
479 1273 558 1292 suam
579 1264 753 1291 sententiam
774 1263 917 1300 exposuit
940 1263 969 1290 in
991 1264 1069 1291 libro
1092 1265 1144 1299 qui
1167 1264 1257 1292 insc.:
1280 1266 1405 1303 Voyage
1427 1264 1604 1298 historique,
1626 1264 1883 1301 chorographique
1903 1270 1933 1293 et
1954 1264 2021 1301 phi-

365 1314 541 1350 losophique
562 1314 633 1341 dans
655 1314 696 1340 les
717 1313 900 1349 principales
921 1314 1008 1340 xilles
1031 1314 1068 1341 de
1085 1314 1193 1342 l’1talie
1214 1324 1250 1342 en
1273 1315 1345 1344 1311
1368 1320 1398 1342 et
1420 1314 1506 1343 1812.
1548 1313 1635 1341 Paris
1656 1314 1742 1343 1815.
1786 1314 1832 1343 Cf.
1856 1315 1879 1342 1.
1900 1324 1930 1351 p.
1952 1314 2021 1343 228.

365 1364 636 1391 Raoul-Rochette
658 1362 693 1386 ad
710 1362 813 1387 Micali
833 1362 855 1388 l.
868 1362 890 1388 l.
910 1362 951 1392 11,
975 1362 1032 1389 156
1051 1371 1080 1389 n.
1100 1363 1133 1390 2:
1157 1363 1277 1398 Quoiqu
1300 1364 1332 1391 ’il
1353 1364 1396 1391 ait
1417 1363 1467 1400 plu
1489 1364 1505 1390 a
1518 1362 1560 1390 Μ.
1583 1362 1786 1390 Petit-Radel
1806 1363 1956 1397 d’appeler
1974 1371 2022 1391 ces

366 1413 516 1441 murailles
537 1409 732 1447 (polygones)
754 1411 969 1446 cyclopeennes
997 1416 1025 1437 et
1046 1411 1083 1438 de
1103 1412 1228 1440 deduire
1248 1414 1284 1440 de
1305 1419 1380 1438 cmm
1400 1410 1544 1434 assertion
1565 1407 1717 1442 plusieurs
1739 1418 1954 1444 consequences
1974 1412 2021 1439 hi-

364 1461 530 1493 storiques,
557 1466 629 1484 nous
651 1464 741 1483 avons
763 1456 800 1481 de
824 1457 914 1481 sortes
936 1456 1049 1481 raisons
1070 1456 1106 1481 de
1127 1455 1244 1489 croire,
1273 1458 1321 1489 qu’
1340 1464 1398 1483 une
1419 1456 1578 1483 semblable
1599 1458 1800 1485 construction
1821 1460 1987 1495 appartient
2006 1462 2023 1489 ὲ

365 1519 403 1538 un
424 1515 516 1544 temps
538 1506 634 1534 moins
657 1505 754 1532 recule'
775 1504 815 1532 cf.
844 1503 1057 1539 »explicatioris
1076 1504 1093 1530 ἐι
1114 1504 1236 1539 planche
1255 1506 1294 1539 X,
1308 1506 1341 1538 35
1362 1505 1381 1534 4
1404 1505 1456 1533 des
1483 1512 1661 1533 monuments
1679 1507 1827 1542 antiques¹
1856 1515 1884 1537 et
1902 1511 2021 1546 passim.

328 1559 355 1595 2)
377 1561 452 1588 Fere
474 1563 534 1585 tota
555 1556 650 1583 media
672 1554 776 1582 Italiae
797 1561 874 1589 pars,
899 1552 1044 1588 imprimis
1066 1553 1144 1581 inter
1165 1555 1303 1583 Vulturn.
1326 1561 1354 1582 et
1375 1555 1486 1582 Arnum
1506 1555 1615 1583 fluvios
1636 1556 1702 1584 eius
1723 1559 1881 1586 extruendi
1903 1560 2022 1595 generis

366 1607 511 1642 reliquias
531 1605 666 1633 exhibet.
690 1604 728 1632 cf.
749 1599 911 1639 2ttcbt'1'otog.
933 1599 1181 1640 Snteffigcmbtatt
1199 1610 1249 1641 sut
1269 1603 1378 1642 nssgem.
1401 1602 1654 1644 ritetatutgeitung
1679 1607 1753 1636 1834
1775 1618 1805 1644 p.
1828 1608 1863 1643 33
1885 1609 1914 1638 4.

329 1657 357 1694 3)
379 1658 481 1686 Micali
497 1658 516 1685 l.
535 1657 555 1685 l.
571 1656 612 1688 11,
638 1654 707 1683 156:
728 1654 753 1681 Il
776 1659 820 1680 est
838 1652 947 1680 certain
971 1653 1129 1686 toutefois,
1151 1663 1207 1688 que
1223 1663 1273 1682 ces
1294 1657 1399 1682 memes
1420 1655 1543 1691 peuples
1558 1657 1823 1692 perfectionuarem
1842 1658 1893 1695 (cs.
1908 1657 2022 1690 {manet

366 1705 521 1746 ⁸banbbud)
542 1707 588 1736 ber
608 1702 784 1741 ‘zttmtiologie
807 1703 851 1733 bct
871 1699 973 1737 Runst.
1001 1703 1049 1732 2te
1071 1701 1164 1741 Ἡμεῖς.
1186 1702 1214 1739 §.
1238 1704 1288 1733 46.
1310 1714 1338 1741 p.
1360 1704 1425 1740 28.)
1447 1705 1514 1733 l'art
1534 1706 1586 1733 des
1608 1706 1829 1742 fortifications,
1859 1718 1968 1737 comme
1994 1711 2022 1738 le

368 1762 510 1794 preuvent
538 1757 581 1783 les
603 1761 695 1782 restes
717 1754 754 1779 de
777 1761 856 1779 murs
876 1752 912 1778 de
933 1752 1094 1779 l'ancienne
1115 1753 1273 1787 Pre‘neste,
1297 1754 1334 1781 de
1354 1755 1430 1782 Cora
1450 1768 1489 1775 —-
1509 1763 1557 1782 ces
1578 1757 1785 1785 mursssetaient
1805 1759 1964 1787 construits
1985 1760 2021 1787 de

366 1807 480 1844 pierres
496 1805 581 1833 d'une
603 1812 743 1840 grosseur
764 1802 942 1835 domesuree,
963 1802 1060 1838 polies
1081 1803 1098 1830 εὶ
1120 1803 1303 1838 l’exterieur,
1323 1803 1437 1832 taille'es
1449 1813 1485 1832 en
1506 1804 1670 1841 polygones
1687 1806 1861 1843 irreguliers
1883 1809 1920 1836 de
1941 1809 2020 1844 cinq,

366 1857 417 1884 six
441 1865 478 1882 ou
501 1862 566 1890 sept
587 1856 666 1881 cotes
689 1859 718 1880 et
736 1852 846 1886 jointes
866 1852 1017 1878 sortement
1041 1854 1187 1880 ensemble
1209 1863 1273 1881 sans
1295 1856 1324 1882 le
1344 1863 1462 1882 secours
1482 1855 1519 1881 de
1538 1856 1566 1881 la
1585 1857 1680 1883 chaux
1700 1857 1731 1884 ni
1753 1858 1791 1885 du
1814 1858 1936 1890 ciment,
1963 1864 2020 1885 tra-

365 1905 426 1933 vail
455 1903 535 1932 aussi
567 1900 768 1936 remarquable
792 1908 844 1936 par
871 1900 898 1926 la
926 1900 1047 1928 solidite
1066 1911 1123 1936 que
1144 1912 1197 1940 par
1217 1904 1261 1932 les
1281 1903 1401 1941 peines,
1423 1914 1462 1939 qu
1484 1904 1517 1932 'il
1537 1904 1589 1933 dut.
1610 1907 1719 1937 cmiter.
1763 1908 1807 1938 Cf.
1824 1908 2020 1937 C.O.Mt'iller

362 1956 382 1985 l.
406 1956 426 1984 1.
450 1954 478 1991 §.
505 1954 560 1983 166
583 1964 611 1990 p.
646 1952 701 1981 169
721 1960 749 1978 n.
771 1951 800 1979 2.
849 1950 896 1978 De
926 1951 1126 1986 magnitudine
1152 1954 1268 1983 illarum
1295 1956 1426 1992 lapidum
1453 1955 1490 1984 cf.
1522 1956 1592 1985 Chr.
1625 1957 1734 1987 Miiller
1761 1959 1780 1989 1.
1804 1958 1823 1988 1.
1846 1958 1871 1991 1,
1891 1958 1961 1988 399.
1980 1972 2019 1979 ·-

360 2006 486 2032 Abeken
508 2005 526 2031 1.
549 2005 569 2031 l.
595 2013 624 2038 p.
649 2001 715 2030 147.
755 2001 891 2027 Tournon
912 2001 932 2027 l.
956 2001 976 2029 l·
998 2003 1037 2034 ΙΙ,
1059 2003 1108 2032 98.
1149 2005 1252 2040 Nibby
1273 2006 1293 2033 l.
1310 2006 1331 2033 l.
1353 2007 1377 2038 1,
1399 2006 1466 2034 281.
1489 2006 1557 2034 299.

322 2052 349 2090 ⁴)
372 2055 420 2081 De
449 2054 505 2081 hoc
534 2061 643 2088 genere
666 2051 704 2079 cf.
724 2050 826 2086 Nibby
848 2050 959 2085 Viagg.
981 2051 1050 2081 293.
1092 2053 1298 2082 Petit-Radel
1316 2055 1336 2084 l.
1352 2055 1373 2085 l.
1396 2055 1436 2089 11,
1457 2055 1526 2084 418.
1568 2055 1678 2084 Marini
1703 2058 1762 2086 tab.
1794 2057 1840 2091 X,
1870 2057 1920 2093 fig.
1942 2058 1963 2087 2
1982 2059 2017 2087 ad

358 2105 480 2134 Vitruv.
504 2103 549 2132 ed.
572 2104 656 2131 Rom.
685 2100 769 2130 1536.
802 2106 870 2129 tom.
892 2101 946 2130 lv.

320 2152 348 2187 5)
367 2153 577 2180 Petit-Radel
599 2154 617 2180 1.
640 2153 660 2179 l.
683 2151 723 2181 11,
745 2150 823 2177 562:
846 2150 960 2184 pierres
985 2153 1098 2179 carrees
1121 2158 1150 2180 et
1183 2153 1375 2188 irregulieres
1395 2167 1435 2174 —-
1455 2160 1530 2182 cette
1548 2156 1745 2184 construction
1769 2157 1834 2184 date
1859 2157 1897 2184 du
1925 2162 2018 2195 temps

358 2201 410 2229 des
428 2203 578 2231 Romains.
622 2202 725 2237 Nibby
748 2199 768 2229 l.
792 2199 812 2228 Ι.
835 2199 908 2229 284:
941 2200 1084 2232 Preneste
1104 2213 1185 2232 come
1206 2204 1279 2233 cina
1300 2205 1427 2234 Romana
1447 2205 1514 2234 cioe
1532 2206 1626 2244 dopo,
1654 2209 1709 2236 che
1734 2217 1827 2236 venne
1857 2207 1886 2236 in
1915 2214 2016 2246 potere

355 2252 536 2285 de'Romani‚
556 2259 694 2289 presente
715 2253 763 2281 nel
785 2254 870 2282 basso
891 2254 969 2282 della
990 2261 1143 2292 montagna
1163 2265 1200 2283 un
1221 2256 1296 2284 sorte
1314 2265 1397 2284 muro
1417 2265 1434 2284 a
1454 2257 1554 2293 risega
1575 2258 1606 2287 di
1626 2258 1715 2287 massi
1735 2259 1880 2293 quadrati.
