2208 2709
919 12 965 50 15

856 274 1017 330 111.

1016 419 1059 445 Le
1081 419 1174 455 prime
1194 420 1337 447 antichita
1359 420 1449 447 latine
1470 424 1580 449 s‘erano
1603 423 1767 451 convertite

1051 467 1081 494 in
1103 477 1140 496 un
1162 470 1209 496 bel
1229 478 1364 497 romanzo
1384 470 1517 499 istorico.

1544 521 1573 547 M
1585 521 1593 547 i
1604 522 1659 548 cal
1673 522 1692 549 i.

16 667 28 676 ,.
75 615 293 673 Praeneste
317 642 405 672 Latii
428 641 582 683 oppidum
604 647 673 672 erat
696 642 969 682 antiquissimum.
1017 642 1225 673 Praenestini
1249 642 1371 682 priscis
1399 641 1527 674 Latinis
1551 644 1804 674 adnumerantur

25 714 28 718 ·
76 699 105 731 h.
129 709 154 731 e.
179 698 256 730 urbs
278 709 389 730 eorum
413 700 475 737 jam
498 704 571 731 ante
591 699 725 730 Romam
751 699 913 729 conditam
938 699 1002 729 fuit
1016 700 1051 737 ¹).
1095 699 1145 730 De
1171 709 1254 729 anno
1284 709 1347 739 quo
1371 699 1545 730 Praeneste
1570 700 1736 731 conditum
1757 701 1802 730 sit

21 746 24 755 ζ
75 766 186 796 magna
202 761 250 787 est
265 756 308 787 lis
323 757 411 787 inter
420 757 598 797 scriptores
609 756 766 787 historiae
781 756 1083 796 Praenestinorum,
1097 761 1128 787 et
1138 761 1263 787 maneat
1275 757 1421 787 incertus
1434 756 1471 795 ²).
1496 756 1546 786 De
1564 758 1691 798 origine
1708 762 1802 798 atque

73 813 111 845 de
135 814 303 845 conditore
322 814 434 855 oppidi
457 824 522 845 non
545 814 629 844 idem
654 814 737 855 apud
757 824 866 845 omnes
890 813 1021 854 legitur.
1069 814 1107 844 In
1131 814 1279 844 diversas
1301 818 1411 853 partes
1443 813 1615 844 discedunt
1639 814 1749 854 graeci
1771 818 1799 844 et

18 901 19 904 ,
74 871 170 901 latini
194 872 371 911 scriptores
392 875 585 912 poe'taeque5
619 872 718 902 alteri
739 881 888 911 graecum
916 872 1079 902 hominem
1101 872 1198 903 alteri
1235 871 1287 902 dei
1313 871 1419 902 filium
1454 871 1656 912 aboriginem
1687 871 1800 903 urbem

15 921 22 951 '.
73 927 257 959 condidisse
281 927 401 959 ferunt.
445 928 540 969 Apud
568 929 657 970 ipsos
679 928 910 959 Praenestinos
924 931 972 970 3),
1007 939 1046 958 ex
1074 928 1237 959 librorum
1260 928 1549 958 Praenestinorum
1581 929 1801 966 enarratione,

14 993 16 995 ’
71 984 154 1015 fama
179 990 249 1016 erat
272 990 444 1026 constanS‚
471 986 584 1017 urbem
608 986 772 1017 conditam
792 996 861 1017 esse
882 996 899 1017 a
922 985 1074 1026 Caeculo,
1099 985 1243 1017 Vulcani
1265 984 1360 1023 filio;
1383 985 1475 1016 cuius
1500 985 1549 1016 rei
1572 984 1689 1017 Micali
1715 984 1802 1016 obli-

23 1077 28 1083 .
72 1044 124 1071 tus
136 1040 164 1082 ⁴)
191 1047 258 1081 est,
284 1053 382 1083 quum
404 1042 602 1074 Graecorum
626 1043 741 1074 famam
763 1043 804 1074 ab
823 1043 905 1084 ipsis
927 1043 1152 1074 Praenestinis
1173 1043 1317 1074 libenter
1339 1048 1500 1083 receptam
1522 1053 1589 1073 esse
1611 1042 1693 1072 male
1719 1053 1797 1072 con-

72 1098 225 1130 tenderit.
271 1100 427 1132 Fabulam
448 1101 540 1132 illam
558 1100 697 1132 tradidit
721 1101 862 1132 Servius
889 1101 927 1132 ad
956 1101 1039 1133 Aen.
1064 1100 1153 1140 VII,
1184 1102 1249 1134 678
1279 1100 1337 1131 ubi
1359 1099 1548 1140 Virgilius,
1582 1100 1639 1140 qui
1670 1099 1802 1130 eandem

25 1166 29 1198 j
70 1154 185 1185 samam
215 1157 381 1197 sequitur,
414 1158 617 1189 conditorem
642 1158 755 1199 oppidi
780 1163 1018 1189 commemorat.
1066 1158 1206 1189 Servius
1238 1162 1407 1198 postquam
1443 1157 1621 1189 Caeculum
1653 1156 1798 1187 Vulcani

17 1213 32 1249 ;’-
71 1211 175 1243 filium
198 1213 298 1244 fuisse
322 1215 457 1256 scripsit
483 1216 620 1247 eundem
644 1221 756 1248 narrat
776 1216 914 1248 collecta
934 1215 1146 1248 multitudine
1168 1215 1226 1246 diu
1249 1214 1481 1246 latrocinatum
1497 1214 1686 1244 vicinorum
1706 1213 1801 1253 oppi-

71 1268 187 1299 dorum
210 1270 335 1301 incolas
358 1273 397 1302 ad
420 1272 515 1303 ludos
537 1273 748 1304 celebrandos
772 1274 932 1304 invitasse
956 1279 988 1304 et
1009 1274 1158 1304 oratione
1179 1273 1289 1303 habita
1314 1273 1356 1303 iis
1371 1295 1380 1310 ‚
1415 1277 1452 1302 ut
1483 1272 1639 1311 oppidum
1663 1282 1695 1301 se
1721 1272 1801 1302 duce

12 1332 31 1369 ζ’Ἰ
70 1326 257 1364 conderent,
272 1328 481 1365 persuasisse.
518 1328 621 1368 Quam
633 1334 780 1361 veterem
800 1329 941 1361 fabulam
958 1329 1109 1368 Caecilii,
1125 1329 1182 1369 qui
1195 1329 1386 1366 Praeneste,
1407 1326 1491 1357 unde
1506 1331 1599 1357 erant
1611 1327 1744 1358 oriundi
1761 1328 1801 1366 5),

16 1382 25 1389 ”
69 1382 252 1422 antiquitus
285 1391 444 1412 summum
476 1381 581 1412 locum
607 1382 799 1412 obtinebant
829 1392 860 1412 et
891 1398 908 1414 a
931 1386 1071 1416 Caeculo
1096 1386 1235 1422 primam
1265 1384 1372 1421 gentis
1397 1383 1560 1420 originem
1588 1382 1744 1415 ducebant
1761 1384 1801 1423 ὃ),

28 1449 31 1453 ·
70 1438 213 1470 libenter
233 1448 404 1479 usurpasse
426 1439 586 1470 videntur
605 1438 643 1470 ad
674 1438 812 1479 gloriam
836 1448 875 1469 ex
900 1438 1082 1469 conditoris
1106 1438 1301 1469 auctoritate
1323 1436 1519 1477 augenda1n3
1552 1437 1693 1477 populus
1715 1450 1799 1471 vero

111 1555 136 1591 ¹)
158 1557 259 1585 Aurel.
282 1557 364 1586 vict.
386 1557 464 1592 orig.
489 1567 517 1593 g.
540 1558 577 1585 R.
600 1558 701 1591 XVII,
723 1558 750 1587 6.
793 1557 861 1587 Liv.
885 1560 910 1592 1,
933 1559 961 1588 3.

109 1603 137 1640 2)
157 1606 301 1640 Plerique
323 1606 464 1642 oppidum
485 1607 563 1634 inter
583 1615 673 1634 annos
697 1607 772 1636 1314
792 1614 822 1635 et
845 1609 921 1637 1224
942 1617 968 1636 a.
992 1608 1064 1637 chr.
1086 1617 1115 1635 n.
1137 1606 1283 1634 conditum
1304 1616 1369 1635 esse
1391 1608 1577 1638 contendunt.

108 1652 136 1690 ³)
157 1654 253 1684 Solin.
276 1665 301 1683 c.
325 1656 383 1683 IX:
406 1656 565 1685 Praeneste
587 1663 618 1685 ut
635 1657 822 1685 Praenestini
844 1664 945 1686 sonant
966 1657 1040 1685 libri
1061 1664 1077 1685 a
1098 1656 1222 1684 Caeculo
1244 1655 1406 1691 (conditum
1420 1656 1478 1691 est)
1504 1667 1588 1692 quem
1605 1659 1691 1692 juxta
1713 1657 1796 1692 ignes

144 1704 282 1732 fortuitos
313 1704 485 1734 invenerunt
514 1712 544 1734 ut
573 1707 644 1734 sama
673 1713 717 1734 est
745 1707 915 1743 Digitorum
944 1716 1072 1736 sorores.
1113 1708 1218 1734 Festus
1239 1715 1263 1734 s.
1285 1716 1311 1734 v.
1335 1707 1504 1734 Praeneste.
1545 1707 1580 1734 P.
1602 1707 1689 1736 Diae.
1720 1716 1745 1735 s.
1767 1718 1793 1736 v.

143 1753 295 1792 Caeculus.
338 1754 386 1781 De
412 1748 531 1783 Caeculi
559 1756 632 1783 sama
659 1756 776 1784 omnino
806 1757 860 1784 cf.:
888 1757 1066 1794 scriptorum
1094 1765 1189 1783 rerum
1215 1756 1336 1792 mythic.
1366 1756 1452 1783 latini
1482 1763 1540 1783 tres
1567 1757 1676 1783 Romae
1704 1765 1796 1791 nuper

145 1803 256 1839 reperti
278 1803 324 1833 ed.
349 1805 386 1833 G.
406 1806 441 1832 Η.
465 1804 558 1834 Bode.
582 1804 664 1834 Celle
688 1806 764 1835 1834
782 1805 806 1840 1,
821 1807 875 1840 843
899 1807 1032 1836 Varron:
1053 1804 1165 1834 Marius
1186 1811 1235 1833 aut
1257 1805 1292 1833 de
1314 1805 1430 1833 fortuna
1451 1814 1497 1842 ap.
1519 1804 1611 1833 schol.
1635 1814 1736 1834 veron.
1759 1806 1794 1832 ad

144 1852 234 1887 Virg.
264 1853 325 1881 VII
351 1854 408 1883 681
431 1854 489 1890 (ap.
513 1855 601 1890 Virg.
624 1848 747 1891 interpr‘.
771 1861 827 1883 vet.
850 1857 896 1883 ed.
920 1858 990 1891 Maj.
1016 1857 1091 1885 1818
1111 1866 1139 1892 p.
1162 1854 1240 1890 55.).
1261 1871 1298 1876 —
1319 1854 1437 1883 Caeculi
1468 1865 1530 1882 cum
1561 1856 1636 1882 Caco
1665 1855 1794 1882 necessi-

144 1905 276 1934 tudinem
297 1904 422 1942 exponit
443 1904 555 1934 Grotef.
578 1905 598 1934 l.
620 1905 641 1934 1.
662 1905 717 1940 111,
739 1905 787 1935 26.
831 1905 971 1934 Caeculus
992 1910 1037 1933 est
1058 1905 1147 1933 forma
1167 1904 1329 1939 recentior,
1360 1910 1391 1932 ut
1413 1913 1472 1932 vox
1493 1904 1613 1940 Proculi
1635 1904 1793 1938 recentior,

145 1964 229 1990 quam
250 1956 351 1984 Proci.
382 1957 531 1991 Hartung,
548 1954 683 1994 {Religion
702 1957 747 1986 bet
767 1954 884 1990 maner,
906 1954 1051 1994 &langen
1073 1956 1148 1985 1836
1169 1966 1197 1992 p.
1220 1955 1288 1984 219.
1641 1992 1646 1993 ⁷

108 2001 136 2039 ⁴³)
156 2003 254 2033 Storia
275 2005 357 2042 degli
377 2006 489 2034 antichi
510 2006 612 2043 popoli
635 2006 760 2034 italiani.
783 2007 908 2034 Firenze
932 2007 1015 2036 1832.
1038 2008 1062 2040 Ι,
1082 2006 1155 2035 24οε
1181 2006 1224 2032 Le
1245 2005 1318 2032 citta
1336 2014 1352 2032 e
1381 2006 1408 2031 le
1427 2006 1548 2039 borgate
1571 2010 1664 2032 stesse
1692 2005 1793 2039 latine,

144 2056 263 2084 esaltate
281 2065 335 2084 con
355 2057 454 2085 vanita
470 2056 657 2094 municipali,
678 2057 705 2085 si
727 2057 909 2086 ritrovarono
926 2066 997 2086 aver
1011 2066 1064 2094 par
1078 2056 1229 2085 fundatore
1243 2064 1280 2084 un
1301 2063 1369 2084 eroe
1388 2063 1475 2091 greco
1492 2064 1509 2083 o
1525 2054 1641 2083 troiano
1663 2069 1701 2075 —
1722 2055 1791 2082 Cosi

144 2103 280 2138 Tusculo,
302 2106 455 2141 Preneste‚
476 2107 590 2140 Tivoli,
612 2107 710 2134 Ardea
729 2117 757 2142 q.
777 2117 838 2142 seq.

104 2149 134 2187 ⁵)
155 2152 189 2181 Si
210 2162 312 2182 nomen
333 2156 494 2193 respicitur
515 2156 641 2185 Caecilii
663 2157 785 2193 primam
808 2157 954 2193 originem
976 2167 1013 2185 ex
1026 2156 1145 2185 Sabinis
1166 2157 1329 2186 habuerunt
1350 2156 1464 2185 Grotes.
1488 2156 1539 2185 1.1.
1558 2155 1613 2188 111,
1630 2154 1678 2187 24,
1700 2159 1793 2181 tamen

143 2211 245 2230 nomen
267 2213 323 2232 non
344 2216 360 2234 a
378 2208 453 2235 Caco
473 2207 538 2235 sive
559 2208 664 2241 Caeco,
685 2207 738 2235 sed
754 2216 771 2236 a
790 2208 915 2236 Caeculo
935 2208 1051 2236 ductum
1066 2206 1195 2236 videtur.

108 2249 134 2286 ⁶)
156 2252 200 2280 Cf.
222 2253 333 2282 Dacier
351 2256 388 2284 ad
409 2256 493 2285 Paul.
514 2257 601 2286 Diae.
625 2258 646 2286 1.
670 2257 691 2286 l.
