2208 2709
1066 83 1112 122 31

236 214 376 242 vocatur
400 213 504 241 totum
527 206 658 240 Sullani
679 205 793 248 templi
811 208 951 249 spatium
975 218 1043 241 non
1064 207 1274 251 amplectitur
1287 207 1323 249 ¹).
1368 204 1571 237 Lithostrota
1591 206 1696 247 prima
1720 205 1837 238 Italiae
1861 205 1949 237 Sulla

236 268 272 300 in
298 267 433 300 delubro
450 266 616 298 Fortunae
635 264 755 306 posuit,
779 275 859 307 quae
882 265 1070 299 lithostrota
1090 267 1271 299 certissime
1293 275 1359 297 non
1382 264 1489 296 eadem
1512 268 1618 304 erant,
1638 274 1718 305 quae
1733 265 1829 296 hodie
1847 263 1951 296 admi-

235 334 356 357 ramur.
379 348 381 351 -
400 324 527 356 Ibidem
549 321 795 353 celeberrimum
810 322 895 355 illud
917 324 1072 356 solarium
1087 324 1271 363 constituit,
1295 323 1332 354 de
1346 333 1408 363 quo
1425 322 1560 353 disserit
1577 321 1686 353 Varro
1711 321 1741 353 d.
1757 321 1793 353 L.
1807 321 1843 353 L.
1859 323 1903 361 V,
1919 324 1949 354 2.

235 381 357 413 Forum
373 381 412 413 ad
433 379 575 412 radicem
596 379 717 411 montis
739 380 904 412 exstruxit
927 380 1013 412 infra
1041 382 1182 423 primum
1202 380 1359 422 gradum,
1388 379 1444 420 qui
1475 379 1513 410 ad
1545 376 1881 421 templumducebat,
1916 379 1950 410 id

236 439 322 480 qnod
350 438 568 470 monumentis
597 437 736 479 repertis
770 442 802 468 et
834 437 901 469 loci
930 438 1040 470 indole
1071 439 1311 480 comprobatum
1334 441 1382 468 est
1399 436 1437 477 2).
1482 436 1521 467 In
1557 438 1725 477 superiore
1757 437 1823 469 sori
1858 441 1950 478 parte

236 494 464 536 hemicyclium
494 500 586 536 erat,
622 495 657 526 in
683 505 747 536 quo
772 495 903 527 Tiberii
923 496 1122 538 temporibus
1148 496 1249 527 fastos
1280 495 1507 526 Praenestinos
1530 505 1546 525 a
1567 495 1689 526 Verrio
1713 495 1830 527 Flacco
1857 495 1947 527 ordi-

236 557 329 585 natos
351 563 530 585 marmoreo
548 553 668 594 parieti
690 553 796 585 incidi
810 553 909 584 iussit
924 554 1004 586 ordo
1024 555 1233 586 decurionum
1245 552 1444 594 populusque
1459 552 1709 591 Praenestinus5
1734 554 1767 584 in
1788 553 1946 584 inferiore

235 614 325 651 parte
348 615 472 642 statuae
494 610 707 652 ponebantur,
731 621 809 652 quas
831 616 940 652 gratae
961 614 1131 644 memoriae
1153 612 1305 643 virorum
1329 610 1366 642 de
1386 610 1504 651 oppido
1526 609 1604 641 bene
1627 611 1817 642 meritorum
1840 622 1941 652 popu-

236 666 289 698 lus
320 667 437 698 Praen.
468 667 634 699 dedicabat
646 670 685 708 ³).
730 669 852 699 Forum
883 669 1129 700 Praenestinum
1155 669 1265 708 curia,
1291 668 1484 708 porticibus,
1508 667 1584 697 aliis
1614 668 1773 699 aedificiis
1795 674 1945 699 ornatum

235 723 337 756 fuisse
356 733 396 754 ex
418 723 689 765 inscriptionibus
712 730 844 767 apparet
857 727 905 768 4),
929 731 961 757 at
981 737 1063 758 vero
1085 727 1124 758 de
1146 726 1358 758 Praenestino
1383 735 1507 766 quoque
1534 725 1606 757 foro
1628 737 1692 757 non
1715 725 1838 766 valere,
1863 737 1944 767 quae

234 780 417 812 Vitruvius
437 781 482 820 V⁷
497 784 570 819 132
595 783 633 812 de
655 784 887 814 consuetudine
904 783 1020 813 Italiae
1042 784 1173 813 urbium
1194 787 1333 821 enarrat,
1354 783 1513 812 neminem
1538 783 1688 822 offendet,
1712 785 1768 823 qui
1792 785 1943 814 virorum

234 836 404 868 doctorum
428 838 466 870 de
485 838 641 870 Vitruvii
667 839 766 872 libris
787 840 966 871 sententias
987 839 1125 881 legerit,
1156 850 1233 880 quas
1254 838 1289 871 C.
1316 838 1352 870 F.
1380 838 1545 870 Hermann
1575 839 1631 879 (in
1655 839 1787 880 libello,
1811 842 1867 882 qui
1891 842 1941 871 in-

234 895 395 926 scribitur
416 894 460 928 bie
481 895 758 939 &jvpfitbtuttempel
776 898 830 931 bess
849 897 1035 938 wurtbume
1057 908 1086 938 p.
1108 900 1129 930 2
1153 902 1184 928 et
1205 899 1240 936 3)
1263 896 1383 928 laudat.

364 951 528 993 Oppidum
550 953 655 994 ipsum
677 964 695 985 a
716 952 807 985 Sulla
831 953 867 985 in
887 953 1009 985 vallem
1032 955 1200 986 deductum
1224 959 1280 986 est.
1325 953 1388 985 Sed
1409 953 1614 984 Praenestini
1635 953 1694 984 hoc
1719 954 1814 985 valde
1839 954 1942 985 inviti

233 1007 401 1050 ferebant,
434 1014 466 1042 et
488 1011 640 1052 quamvis
664 1011 744 1043 urbs
764 1022 857 1044 muro
877 1022 998 1044 massae
1019 1012 1189 1054 quadratae
1212 1023 1291 1054 quae
1311 1016 1450 1044 vocatur
1472 1011 1612 1043 firmiter
1635 1012 1738 1043 cincta
1762 1017 1865 1051 esset,
1898 1012 1943 1042 ita

233 1070 270 1097 ut
289 1066 464 1099 Praeneste
482 1069 546 1099 iam
564 1069 675 1109 paucis
696 1070 793 1101 annis
815 1075 889 1110 post
916 1070 996 1101 satis
1020 1071 1180 1101 munitum
1211 1075 1242 1101 et
1272 1070 1307 1101 in
1333 1069 1420 1100 hello
1453 1069 1550 1111 civjli
1579 1071 1782 1100 metuendum
1806 1074 1890 1100 esset
1901 1072 1942 1110 ⁵),

233 1128 344 1155 tamen
375 1124 583 1157 Praenestini
615 1131 761 1158 veterem
789 1128 996 1159 securitatem
1024 1128 1243 1159 desiderantes
1276 1128 1507 1168 imperatorum
1536 1128 1736 1168 temporibus
1765 1127 1877 1158 urbem
1909 1128 1945 1157 in

230 1181 376 1221 pristino
403 1182 475 1214 loco
496 1188 765 1216 restauraverunt
776 1185 815 1226 ⁶).
858 1186 968 1226 Agros
993 1185 1222 1217 Praenestinos
1245 1185 1336 1216 Sulla
1360 1185 1430 1225 lege
1460 1185 1611 1215 Cornelia
1641 1184 1813 1221 militibus
1829 1185 1945 1215 distri-

232 1238 326 1277 huit;
348 1239 520 1271 Praeneste
543 1241 578 1272 in
600 1241 753 1282 oppidum
774 1241 934 1273 coloniam
956 1242 1089 1274 deduxit
1111 1248 1142 1274 et
1161 1243 1336 1274 militarem
1356 1242 1494 1283 quidem.
1541 1242 1604 1273 Sed
1627 1252 1724 1282 quum
1756 1241 1827 1271 viri
1856 1241 1945 1272 docti

233 1295 330 1327 valde
353 1296 514 1336 dubitent,
537 1309 600 1338 quo
621 1303 764 1339 tempore
788 1299 915 1330 colonia
935 1300 1107 1331 Praeneste
1130 1301 1263 1332 deducta
1284 1301 1348 1340 sit,
1378 1311 1437 1330 nec
1469 1304 1592 1330 certum
1624 1298 1796 1339 quidquam
1821 1298 1878 1328 hac
1905 1298 1943 1328 de

231 1362 267 1383 re
288 1353 461 1385 memoriae
482 1355 638 1386 traditum
665 1366 732 1387 esse
756 1357 932 1398 videatur,
954 1357 1061 1389 facere
1081 1369 1146 1390 non
1169 1367 1361 1400 possumuS,
1390 1357 1470 1398 quin
1498 1355 1650 1396 pluribus
1672 1355 1731 1386 hac
1752 1355 1790 1385 de
1820 1365 1855 1385 re
1877 1355 1943 1386 dis-

231 1420 384 1440 seramus.

308 1496 423 1525 Suares.
445 1496 469 1530 1,
492 1496 561 1525 XV.
604 1495 672 1524 Chr.
695 1495 802 1523 Miiller
823 1495 842 1525 l.
867 1496 886 1524 l.
907 1496 921 1524 1
942 1507 970 1534 p.
993 1495 1144 1527 338-394.
1188 1496 1234 1524 De
1254 1495 1394 1532 reliquiis
1413 1496 1512 1533 templi
1540 1496 1576 1524 cf.
1599 1501 1714 1532 praeter
1733 1496 1826 1525 libros
1847 1498 1945 1526 lauda-

309 1552 354 1575 tos
374 1548 421 1574 W.
444 1547 511 1574 Gell
531 1547 551 1574 l.
575 1547 594 1574 l.
616 1556 644 1583 p.
670 1546 724 1575 184
745 1547 907 1583 capmanin
928 1549 947 1575 l.
964 1549 983 1576 l.
1005 1548 1063 1577 295
1085 1557 1146 1582 seq.
1167 1547 1225 1576 315
1246 1556 1307 1581 seq.

275 1597 301 1633 1)
320 1596 554 1625 Winckeltnanni
574 1605 662 1632 opera
684 1598 765 1625 Tom.
788 1597 841 1631 XI,
866 1600 891 1631 l,
906 1599 934 1627 6.
975 1599 1076 1634 Nibby
1090 1608 1118 1634 p.
1133 1598 1199 1626 288.
1215 1598 1282 1625 285.
1298 1597 1365 1625 291.
1409 1596 1572 1633 Capmartin
1594 1597 1633 1630 Π,
1647 1596 1721 1630 2955
1746 1598 1798 1625 alii
1826 1599 1941 1634 passim.

274 1646 301 1684 ²)
318 1648 420 1684 Nibby
440 1647 461 1675 1.
483 1647 502 1674 l.
525 1647 548 1680 1,
570 1647 636 1676 284.
680 1647 749 1676 Chr.
772 1648 880 1676 Miillcr
897 1649 917 1676 1.
932 1649 951 1676 l.
972 1658 1001 1685 p.
1023 1649 1091 1678 389.
1112 1648 1180 1678 390.
1222 1647 1322 1675 Micali
1346 1646 1437 1674 storia
1457 1657 1486 1683 p.
1507 1647 1575 1676 203.

272 1697 301 1734 3)
321 1699 438 1726 Gruter.
458 1697 526 1730 347,
546 1697 576 1726 6.
616 1697 710 1724 Orelli
730 1698 816 1727 4360.
837 1698 914 1727 2627
941 1703 970 1726 et
996 1699 1112 1734 passim.
1136 1698 1245 1726 Sueton
1267 1698 1302 1725 de
1323 1698 1416 1725 illust.
1436 1707 1499 1732 gn:
1533 1697 1657 1725 Verrius
1684 1698 1803 1725 Flaccus
1825 1706 1944 1727 statuam

308 1748 394 1775 habet
412 1746 567 1773 Praeneste
589 1747 618 1773 in
640 1747 775 1774 inferiori
798 1748 854 1775 sori
878 1753 959 1784 parte
980 1754 1078 1776 contra
1099 1748 1312 1785 hemicyclium,
1336 1747 1365 1774 in
1386 1757 1443 1782 quo
1464 1747 1550 1774 [astos
1570 1755 1585 1773 a
1606 1756 1638 1774 se
1657 1747 1806 1774 ordinatos
1828 1755 1854 1775 et
1870 1758 1943 1776 mar-

308 1806 407 1825 moreo
428 1797 533 1833 parieti
554 1796 665 1825 incisos
687 1798 857 1834 publicarat.
906 1799 1045 1833 »Foggim
1067 1798 1103 1826 ad
1124 1800 1212 1826 fastos
1233 1808 1271 1826 ex
1292 1799 1310 1827 3
1331 1799 1395 1826 cod.
1418 1799 1485 1826 Van.
1508 1798 1579 1824 hanc
1601 1798 1754 1825 lectionem
1776 1800 1891 1826 attulit:
1913 1800 1942 1826 in

308 1846 456 1882 superiori
475 1846 531 1873 sori
552 1852 633 1882 parte
654 1847 730 1873 circa
751 1848 955 1884 hemicyclium
976 1849 1109 1875 marmori
1132 1848 1226 1884 perite
1247 1848 1366 1875 incisos.
1391 1848 1421 1874 id
1444 1847 1652 1881 quodWolfius
1674 1848 1838 1882 probavit«.
1863 1848 1942 1876 S.—

309 1897 419 1926 Verum
438 1903 471 1922 ea
490 1904 546 1923 non
568 1901 611 1923 est
633 1895 754 1929 varin,
776 1897 828 1924 sed
848 1896 1005 1924 diversa
1026 1897 1113 1925 lectio
1134 1902 1163 1925 et
1183 1897 1391 1925 correctionem
1413 1897 1587 1924 demonstrat
1608 1897 1732 1930 scribae,
1752 1897 1804 1931 qui
1833 1897 1936 1925 ›circa‹

310 1956 364 1984 pro
387 1952 510 1973 »contrat
537 1946 611 1980 legit
632 1955 725 1981 neque
747 1947 863 1981 ignarus
884 1947 952 1979 suit,
975 1947 1062 1974 fastos
1081 1948 1160 1983 ipsos
1184 1947 1214 1974 in
1233 1947 1385 1983 superiore
1400 1947 1454 1974 fori
1475 1953 1556 1982 parte
1570 1947 1679 1973 incisos
1693 1946 1784 1973 fuisse
1797 1949 1942 1977 marmori.

309 1996 358 2025 Ex
373 1995 490 2024 sueton.
514 1995 534 2023 l.
556 1996 577 2022 l.
593 2001 711 2031 apparet
732 1996 825 2023 sorum
838 1997 1047 2031 quodammodo
1066 1997 1218 2025 declive
1238 1997 1330 2024 fuisse
1351 2003 1379 2024 et
1392 1996 1547 2023 secundum
1562 1996 1649 2023 situm
1668 1996 1750 2023 urbis
1773 1996 1944 2025 inferior

309 2055 397 2084 pars
420 2046 458 2074 in
479 2045 712 2074 occidentem
732 2056 868 2075 versus
889 2047 958 2075 erat.
1001 2048 1102 2082 Itaque
1125 2055 1210 2082 quum
1232 2053 1449 2075 consentaneum
1469 2047 1509 2074 sit
1529 2047 1621 2074 forum
1641 2047 1747 2075 Praen.
1770 2056 1786 2074 a
1807 2047 1889 2076 Sulla
1909 2050 1943 2076 ad

308 2098 425 2125 {ormam
446 2096 565 2124 Romani
587 2096 643 2124 fori
664 2103 842 2125 exstructum
863 2098 964 2131 fuisse,
986 2098 1015 2125 in
1036 2107 1093 2132 quo
1114 2103 1223 2125 statuae
1245 2097 1275 2125 in
1295 2097 1496 2125 occidenti
1515 2104 1597 2133 parte
1611 2098 1792 2134 ponebantur
1810 2098 1860 2134 (cf.
1876 2107 1901 2126 e.
1914 2108 1942 2134 g.

306 2144 786 2186 ItdydologisQe&nielllgmssblatt
807 2147 882 2178 1835
902 2158 930 2186 p.
940 2148 992 2185 79)
1012 2148 1155 2184 Fogginii
1172 2147 1259 2177 lectio
1280 2148 1442 2176 reiicienda
1460 2148 1587 2177 videtur.

272 2197 299 2234 4)
320 2199 458 2226 Porticus
479 2204 507 2225 et
525 2198 633 2225 curiam
654 2199 758 2226 exhib.
779 2199 888 2227 Gruter
910 2200 975 2229 172.
1015 2199 1132 2229 Suares.
1154 2200 1179 2233 1,
1201 2209 1227 2228 c.
1249 2200 1342 2233 XVI;
1367 2200 1509 2228 theatrum
1527 2206 1556 2227 et
1573 2200 1715 2236 amphith.
1746 2200 1861 2228 Petrini
1889 2202 1944 2228 sub

305 2256 370 2276 nnn.
397 2247 460 2276 132.
479 2247 649 2284 spoliarium
668 2247 764 2275 Orelli
784 2248 870 2277 2532.

270 2297 301 2336 ὗ)
319 2298 364 2328 cf.
388 2298 451 2326 Cic.
476 2297 506 2325 in
527 2298 614 2327 Catil.
634 2299 660 2333 1,
681 2299 699 2328 3
719 2298 771 2333 qai
790 2298 908 2328 minime
928 2299 964 2327 de
984 2299 1046 2328 sola
1064 2308 1130 2328 aree
1148 2299 1291 2336 loquitur.

273 2347 301 2385 ⁶)
319 2349 421 2384 Nibby
441 2349 462 2375 l.
484 2349 503 2376 l.
525 2358 555 2384 p.
578 2349 645 2377 284.
688 2349 758 2377 Chr.
777 2349 885 2377 Miiller
906 2351 925 2378 l.
946 2351 966 2379 l.
987 2351 1012 2383 1,
1033 2351 1104 2379 381.
