2208 2709
1186 2 1239 41 28

343 130 383 162 ab
407 127 493 171 ipsis
515 126 758 166 desciscerents
772 124 904 158 Latinis
923 124 998 166 lego
1020 124 1109 157 Iulia
1127 135 1216 157 anno
1230 126 1293 161 664
1307 124 1358 157 ins
1373 123 1501 157 civium
1514 126 1932 171 tribuerent‚·quodqunm
1941 129 2082 163 omnino

346 188 387 221 cle
409 189 568 220 universo
581 184 679 216 Latio
706 189 844 224 constet,
865 185 964 215 etiam
976 183 1205 217 Praenestinis
1229 183 1349 216 factum
1374 189 1451 216 esse'
1472 189 1598 216 certum
1621 187 1974 220 exstatvtestimouium
1993 188 2077 230 apud

344 245 535 286 Appianum
556 243 587 275 b.
610 254 636 273 c.
661 242 692 281 Ι,
716 243 770 280 65,
788 242 813 280 ¹)
843 251 907 281 quo
932 241 1004 272 loco
1029 242 1157 283 pariter
1185 246 1281 282 atque
1304 246 1371 273 tota
1402 251 1497 282 quam
1526 244 1754 276 enarravimus
1780 244 2079 278 historia'illorum

345 303 459 345 opinio
482 299 660 339 refellitur,
683 299 747 340 qui.
756 299 991 333 Praenestinos
1012 300 1076 332 iam
1094 304 1167 332 ante
1183 310 1301 333 annum
1320 301 1383 333 664
1404 304 1460 332 aut
1482 299 1616 333 colonos
1632 306 1690 334 aut
1708 303 1890 345 municipes
1909 302 2078 335 exstitisse

352 362 433 392 salso
456 358 744 390 existimaverunt.
790 358 916 390 Verum
940 359 1172 389 Praenestinos
1193 358 1373 399 municipes
1396 358 1499 389 factos
1522 369 1627 399 neque
1660 360 1727 391 alio
1758 360 1929 393 modmius
1952 360 2079 391 civium

345 420 476 459 adeptos
500 426 569 447 esse
592 415 777 447 certissime
800 420 942 447 testatur
962 415 1041 449 Aul.
1065 414 1152 449 Geli.
1174 427 1206 448 11.
1227 426 1255 449 a.
1272 414 1380 457 XVI,
1399 417 1441 457 5,
1462 417 1484 451 5
1511 420 1544 448 et
1565 416 1685 450 Florus
1717 416 1794 458 111,
1818 419 1873 458 21,
1895 419 1928 458 7,
1954 428 2016 460 qua
2040 417 2080 449 de

347 487 381 507 re
403 475 444 506 cf.
468 484 549 515 quae
571 474 659 504 infra
683 473 847 514 leguntur.

473 531 617 572 Tempus
641 531 774 571 aderat,
796 541 860 572 quo
883 534 1019 571 propter
1040 540 1201 561 summum
1225 530 1314 562 inter
1335 531 1477 563 Marium
1497 535 1529 563 et
1552 530 1680 563 Sullam
1701 531 1814 564 odium
1835 536 1866 563 et
1889 531 1966 573 quia
1990 535 2079 563 uter-

345 601 406 630 que
428 589 517 620 bello
537 589 637 620 civili
650 591 678 628 ²)
701 589 739 620 de
758 589 949 629 principatu
964 587 1211 619 decernendum
1230 599 1299 619 esse
1323 589 1539 629 existimaret,
1560 594 1691 621 senatus
1704 589 1881 629 Romanus,
1905 590 1962 630 qui
1985 594 2078 620 tran-

345 646 484 688 quillam
508 646 712 677 extrinsecus
735 645 961 675 condicionem
983 648 1123 684 optaret,
1147 645 1299 677 omnibus
1322 646 1443 686 sociis,
1480 646 1538 688 qui
1568 647 1735 678 etiamtum
1768 645 1892 677 bellum
1917 656 1991 678 cum
2013 645 2079 677 Ro-

345 704 450 736 manis
475 707 659 744 gesserunt,
682 702 713 734 si
734 713 821 734 arma
838 704 1013 744 ponerent,
1039 703 1213 736 civitatem
1233 704 1406 746 pollicitus
1427 709 1486 738 est.
1531 705 1657 737 Notum
1679 709 1728 736 est
1759 715 1828 736 eam
1858 715 1876 737 a
1906 704 1988 737 solis
2021 704 2080 735 Sa-

347 762 520 802 mnitibus,
545 762 603 802 qui
625 766 737 802 postea
760 761 795 792 in
817 761 905 791 bello
927 760 1027 791 civili
1038 761 1142 792 Marii
1165 768 1275 802 partes
1289 764 1419 804 sequuti
1433 767 1522 803 sunt,
1548 764 1700 794 reiectam
1722 773 1791 794 esse
1813 767 1949 804 propter
1969 762 2080 793 odium

346 820 486 850 Romani
508 819 661 850 nominis.
707 817 916 849 Praenestini
937 817 1056 858 quibus
1078 818 1131 850 ius
1153 820 1279 852 civium
1300 819 1370 861 lege
1392 819 1480 851 Iulia
1502 830 1689 852 concessum
1713 825 1783 852 erat
1803 825 1836 852 et
1857 820 1923 861 ipsi
1945 830 1962 850 a
1984 818 2079 860 prin-

345 877 435 917 cipio
459 876 553 906 illius
575 875 658 906 beni
677 876 781 907 Marii
802 880 911 916 partes
927 876 1059 916 sequuti
1075 876 1275 909 Samnitium
1289 878 1374 909 socii
1387 877 1594 910 exstiterunt.
1630 877 1678 909 At
1691 889 1774 909 vero
1787 878 1916 909 Marius
1928 877 2040 908 iunior
2051 877 2080 917 ³)

346 934 385 965 ad
405 933 632 974 Sacriportum
655 943 672 964 a
695 933 788 965 Sulla
808 932 902 973 plane
921 932 1076 965 devictus
1095 937 1165 973 est3
1188 935 1375 974 Praeneste,
1397 934 1482 975 quod
1495 933 1646 965 vicinum
1668 939 1700 966 et
1710 933 1969 966 munitissimum
1983 937 2079 972 esset,

347 991 458 1031 elegit,
482 1000 545 1031 quo
567 1001 602 1021 se
624 991 801 1032 reciperet,
824 995 857 1021 et
881 990 981 1021 effusa
1003 990 1079 1031 fuga
1101 991 1245 1023 Mariani
1268 992 1443 1023 Praeneste
1464 991 1625 1032 petebant.
1671 990 1765 1023 Sulla
1789 991 1963 1032 oppidum,
1993 990 2079 1030 quod

346 1048 446 1079 armis
469 1058 654 1088 expugnare
679 1048 880 1089 desperavit,
905 1047 997 1079 vallo
1018 1048 1169 1090 fossaque
1191 1049 1298 1080 cinxit
1319 1053 1352 1080 et
1373 1049 1448 1089 quia
1465 1048 1599 1080 Romam
1620 1048 1768 1089 oportuit
1790 1048 1949 1080 adversus
1970 1047 2079 1079 hostes

346 1107 526 1138 exercitum
549 1106 619 1146 ipse
640 1106 773 1137 duceret
795 1116 880 1136 anno
902 1105 1176 1139 672⁹Lucretium
1200 1105 1342 1138 Ofellam
1368 1106 1482 1138 ducem
1505 1106 1693 1146 constituit,
1714 1105 1771 1146 qui
1785 1105 1867 1136 fame
1880 1108 2079 1146 expugnaret

345 1165 488 1195 Marium
502 1165 542 1203 ¹¹).
589 1164 706 1202 Carbo,
731 1164 787 1204 qui
808 1164 958 1194 obsessos
984 1163 1051 1194 iam
1061 1163 1308 1195 smnelabonre
1332 1168 1546 1204 cognoverat,
1569 1163 1732 1194 Marcium
1751 1163 1968 1194 Censorinum
1986 1162 2080 1193 misit

345 1233 416 1253 cum
438 1221 527 1253 VIII
543 1220 744 1260 legionibus,
768 1222 824 1261 qui
845 1222 991 1252 Marium
1012 1220 1194 1252 liberarent
1216 1239 1261 1247 ·—
1281 1221 1469 1262 Pompeius,
1493 1220 1651 1253 Sullanus
1670 1220 1749 1261 dux,
1773 1231 1827 1252 eos
1844 1220 1970 1252 reiecit.
2015 1219 2077 1250 Al-

345 1285 451 1310 terum
472 1278 666 1317 exercitum,
689 1287 785 1318 quem
806 1277 944 1319 Lucani,
968 1278 1144 1319 Samnites,
1167 1277 1337 1319 Campani,
1360 1278 1464 1310 Marii
1485 1278 1570 1310 socii
1586 1278 1761 1317 miserunt,
1786 1277 1878 1309 Sulla
1893 1277 1962 1318 ipse
1979 1276 2079 1308 Prae-

344 1341 435 1366 neste
457 1332 658 1373 exclusit&
688 1335 859 1373 >occupatis
881 1335 1049 1373 faucibus,
1082 1344 1142 1374 per
1162 1343 1242 1374 quas
1269 1335 1359 1367 solus
1379 1336 1541 1366 transitus
1560 1335 1700 1373 patebat.
1746 1335 1830 1364 Tum
1856 1335 1984 1362 Marius
2008 1334 2077 1371 ipse

343 1389 515 1422 castellum
536 1388 626 1418 inter
643 1385 820 1416 Praeneste
838 1390 873 1414 et
899 1388 1040 1415 hosfium
1061 1389 1189 1415 vnum·-
1213 1390 1390 1424 exuerunt,
1413 1385 1470 1416 sed
1490 1389 1660 1427 postquam
1676 1386 1800 1418 frustra
1819 1387 1893 1419 inde
1909 1398 2077 1429 erumpere

387 1485 412 1520 l)
434 1485 593 1516 Postquam
621 1481 742 1508 Cinnam
771 1488 872 1507 servos
900 1479 1054 1514 proposita
1079 1489 1131 1515 spe
1157 1480 1303 1507 libertatis
1332 1489 1508 1508 convocasse
1534 1482 1691 1518 Appianus
1710 1484 1855 1515 narravit,
1877 1485 1975 1520 pergit
1998 1485 2018 1513 l.
2040 1486 2076 1512 l.:

406 1530 564 1572 4Οὐδενὸς
587 1531 610 1561 δ’
639 1530 732 1570 αὐτῷ
754 1526 956 1573 προσιόντος
978 1527 1144 1572 ἐξέδραμεν
1166 1529 1196 1567 ἐς
1223 1529 1286 1566 τὰς
1308 1529 1416 1573 ἀγχοῦ
1439 1528 1574 1570 πόλεις,
1608 1533 1671 1570 τὰς
1710 1534 1757 1564 οὐ
1790 1532 1871 1576 πρὸ
1905 1535 2076 1565 πολλοῦ

423 1586 664 1622 πολιτίδας
695 1577 908 1625 Ῥωμαίων
939 1583 1171 1623 γενομένας
1203 1583 1366 1627 Τίβυρτόν
1395 1596 1434 1615 τε
1462 1586 1517 1615 καὶ
1545 1586 1757 1630 Πραινεστὸν
1790 1587 1845 1618 καὶ
1875 1586 1955 1619 ὅσαι
1983 1590 2078 1631 μέχρι

421 1640 547 1676 Νώλης.

385 1695 411 1732 2)
433 1696 546 1723 Bellum
568 1693 662 1722 civile
684 1692 869 1733 Sullanu'ma
889 1689 1013 1719 Sisenna
1033 1690 1212 1729 descriptum
1232 1691 1326 1721 fuisse
1348 1692 1526 1722 demonstrat
1538 1692 1658 1724 Sallust.
1679 1695 1714 1724 B.
1726 1695 1755 1725 J.
1780 1696 1837 1725 100
1857 1701 1885 1723 et
1906 1696 1986 1725 Veli.
2006 1697 2072 1727 Pat.

423 1747 463 1778 11,
482 1746 519 1778 93
543 1746 578 1772 cf.
603 1744 667 1772 Cic.
690 1744 773 1771 Brut.
794 1743 841 1770 64.

383 1792 412 1830 3)
433 1796 538 1823 Omnes
557 1793 718 1830 scriptores
740 1793 815 1820 hunc
834 1791 959 1819 Marium
981 1791 1015 1820 C.
1038 1790 1129 1818 Marii
1149 1791 1262 1828 septies
1283 1791 1413 1822 consulis
1431 1792 1526 1820 filium
1546 1793 1639 1822 tuisse
1660 1800 1810 1830 testantur,
1832 1800 1947 1832 praeter
1961 1796 2075 1833 Appia-

422 1858 488 1876 num
508 1849 527 1875 l.
548 1848 568 1875 l.
590 1848 614 1880 1,
637 1847 674 1875 87
697 1846 749 1880 qui
770 1854 834 1873 eum
860 1841 922 1873 τὸν
942 1841 1140 1881 ἀδελφιδοῦς
1164 1842 1298 1885 RIapn‘ov
1319 1844 1383 1873 τοῦ
1408 1847 1612 1886 περιφανοῦς
1640 1850 1778 1879 nominat,
1821 1851 1925 1884 ltaque
1949 1850 2072 1879 Putem,

421 1897 457 1923 ad
478 1897 556 1925 Vell.
577 1896 644 1923 Pat.
665 1896 706 1928 11,
726 1894 775 1927 25,
796 1895 932 1923 Freinsh.
953 1895 989 1921 ad
1012 1895 1083 1930 epit.
1104 1895 1171 1923 Liv.
1192 1896 1361 1929 LXXXVI,
1383 1898 1406 1925 Ι.
1447 1897 1539 1932 Pigh.
1561 1907 1627 1926 ann.
1648 1899 1684 1932 1,
1700 1899 1720 1928 3
1739 1909 1768 1935 p.
1791 1899 1850 1928 238
1869 1907 1894 1926 S.
1916 1908 1944 1927 v.
1983 1899 2074 1926 Prae-

421 1952 510 1975 tores.
533 1955 598 1973 eum
620 1944 713 1972 filium
733 1944 903 1981 adoptivum
925 1944 958 1973 C.
982 1945 1072 1972 Marii
1095 1945 1221 1973 illustris
1243 1945 1336 1974 fuisse
1356 1946 1596 1978 arbitrantur.—
1616 1949 1656 1977 At
1683 1959 1755 1978 vero
1783 1955 1862 1978 recte
1886 1955 1986 1977 contra
2011 1949 2073 1977 dis-

419 1997 531 2032 putavit
549 1995 851 2023 Panem-animadv.
866 1995 937 2023 hist.
959 2003 985 2023 c.
1000 1996 1019 2024 3
1033 1996 1061 2031 15.
1076 1996 1124 2024 98.
1146 1997 1183 2024 cf.
1208 1994 1324 2023 Duker.
1341 1995 1376 2023 ad
1391 1997 1460 2025 Liv.
1483 1998 1539 2026 1.1.
1559 2011 1598 2018 -—
1616 1998 1741 2027 Scilicet
1760 1999 1914 2036 Appianus
1937 1999 2001 2035 ipse
2014 2000 2034 2028 1.
2051 2000 2071 2027 Ι.

419 2046 444 2079 1,
466 2045 504 2074 62
525 2054 588 2072 eum
609 2043 698 2071 Marii
720 2043 847 2071 illustris
868 2044 961 2072 filium
982 2045 1111 2073 nominat
1132 2050 1160 2073 et
1184 2045 1263 2073 Plut.
1290 2046 1372 2074 Caes.
1396 2047 1411 2075 1
1440 2046 1569 2076 disserte
1593 2056 1657 2077 eum
1685 2049 1778 2078 filiuni
1807 2049 1899 2077 fuisse
1926 2058 1965 2077 ex
1993 2048 2074 2077 Julia

418 2095 508 2123 amita
528 2095 662 2122 Caesaris
684 2094 784 2121 tradit.

380 2143 407 2179 ¹¹)
430 2145 562 2180 Appian.
586 2146 616 2171 b.
629 2153 654 2172 e.
679 2145 704 2176 1,
728 2144 765 2172 87
776 2144 842 2172 -88-
870 2143 1218 2172 Piut.>Suna·xxv-1n.
1248 2146 1376 2173 Orosius
1396 2147 1435 2179 V,
1456 2148 1504 2175 21.
1534 2147 1603 2176 Liv.
1625 2147 1700 2185 epit.
1719 2149 1922 2177 LXXXVIII.
1947 2149 1993 2176 Cf.
2014 2149 2074 2176 Eu-

419 2201 494 2230 trop.
520 2194 559 2227 V,
582 2194 612 2222 8.
657 2192 738 2221 Vell.
757 2192 873 2220 Patere.
895 2193 937 2225 11,
958 2193 1006 2226 26,
1030 2195 1056 2222 1.
1094 2194 1156 2222 Dio
1177 2195 1258 2225 Cass.
1282 2196 1383 2231 fragm.
1405 2196 1482 2233 peir.
1505 2207 1536 2235 p.
1556 2197 1626 2228 654.

381 2243 408 2279 ⁵)
429 2245 474 2272 Cf.
497 2250 613 2280 praeter
633 2245 652 2272 Ι.
676 2244 697 2272 l.
722 2243 803 2272 Vell.
824 2243 888 2271 Pan.
911 2244 951 2276 11,
972 2242 1022 2272 27.
1049 2245 1167 2280 Appium
1186 2245 1206 2275 1.
1229 2246 1250 2274 Ι.
1272 2245 1388 2276 90-92.
