2208 2709
1052 7 1105 49 25

221 126 324 159 immo
347 125 409 159 hoc
429 123 551 156 factum
577 131 646 154 esse
667 117 803 161 videtur
824 128 938 161 magno
969 116 1176 161 illoszbello,
1197 117 1281 161 quod
1313 116 1389 158 inde
1410 117 1450 161 ab
1472 128 1557 160 anno
1575 121 1641 163 440
1664 118 1724 162 vol
1745 120 1810 154 441
1834 125 1945 155 eontra

219 183 385 221 Romanos
407 187 533 225 gestum
549 183 613 219 est.
658 177 776 210 Hostes
793 178 973 210 extiterunt
990 177 1136 218 Etrusci,
1159 177 1334 219 Samnites,
1348 176 1485 217 Umbri,
1502 175 1528 218 ¹)
1553 178 1671 218 quibus
1693 188 1792 220 quum
1807 176 1948 222 Hernici

223 251 361 283 quoque,
384 248 524 283 quorum
545 236 582 268 in
604 236 683 270 fines
702 237 883 269 Praeneste
904 236 1058 278 oppidum
1081 236 1230 278 recessit,
1253 247 1323 269 sese
1333 235 1576 276 adiunxissent,
1599 234 1697 267 etiam
1715 235 1947 268 Praenestinos

223 299 294 330 eius
316 295 510 331 rebellionis
534 295 642 327 socios
660 295 764 327 fuisse
785 305 885 336 paene
907 299 1032 325 certum
1054 298 1104 325 est
1115 293 1153 335 ²).

351 352 416 385 Sed
445 352 563 384 infelix
590 352 656 384 fuit
683 352 789 384 huius·
814 350 1008 383 rebellionis
1039 351 1148 382 exitus
1179 355 1212 383 et
1242 351 1281 383 de
1311 350 1536 384 Praenestinis
1558 350 1762 393 gravissima
1781 347 1945 395 supplicia

222 416 349 453 sumpta
372 421 441 443 esse
462 411 641 451 videntur,
665 410 712 443 ita
734 415 772 442 ut
793 409 849 441 illi
871 409 973 450 magis
993 408 1090 440 etiam
1113 408 1229 441 infesti
1248 408 1402 441 Romanis
1425 410 1630 442 renovandae
1646 408 1841 441 rebellionis
1861 412 1943 438 tem-

221 480 281 511 pus
304 473 521 510 opportunum
544 472 776 508 exspectarent.
822 466 939 508 Neque
957 476 1041 498 vero
1064 466 1125 498 hoc
1147 466 1307 498 Romanos
1329 467 1433 508 fugit,
1463 468 1582 509 quibus
1615 467 1670 498 illi
1692 467 1774 498 male
1797 464 1943 506 suspecti

216 532 323 567 erantff
358 517 411 559 ‘Et
432 525 560 558 tandem
585 530 770 567 exoptatum
793 529 920 566 tempus
944 524 1116 558 advenisse
1139 524 1251 557 visum
1273 529 1331 558 est.
1377 525 1461 557 Nam
1485 525 1610 568 Pyrrhi
1634 525 1778 557 adventu
1799 522 1941 555 Romani

221 585 364 625 undique
387 584 434 615 ita
455 583 695 625 premebantur,
719 587 757 614 ut
778 593 888 614 omnes
913 582 982 614 fere
1004 583 1087 615 socii
1113 582 1240 615 subacti
1264 588 1296 615 et
1317 583 1455 625 pristini
1477 584 1585 615 hostes
1605 583 1728 615 bellum
1748 587 1863 625 contra
1887 591 1941 612 eos

221 645 428 674 renovarent.
474 641 599 673 Verum
620 641 757 673 Romani
780 641 816 672 in
839 641 935 673 rebus
955 640 1103 673 adversis
1125 651 1279 674 summam
1291 641 1430 682 gloriam
1454 641 1562 683 adepti
1574 641 1749 683 praesidiis
1764 639 1941 671 tuebantur

221 700 348 739 socios,
370 700 427 740 qui
450 699 485 729 in
507 699 569 729 fide
591 705 788 739 manserant,
812 704 844 730 et
866 709 998 739 eorum,
1020 699 1079 740 qui
1100 699 1183 730 male
1207 701 1350 740 suspecti
1374 705 1498 739 essent,
1530 701 1697 740 principes
1718 698 1850 731 Romam
1879 696 1939 728 du-

221 760 359 796 xerunt,
383 766 463 797 qnos
486 755 563 797 fidei
586 756 723 796 pignora
745 756 910 787 haberent.
954 755 1048 787 Inter
1068 755 1126 792 hos
1150 756 1246 788 etiam
1268 756 1555 788 Praenestinorum
1576 766 1727 797 proceres
1758 761 1792 786 et
1819 752 1939 785 smmni

219 814 427 854 magistratus
448 813 590 852 fuerunt,
613 824 694 854 quos
717 813 753 844 in
774 813 907 854 publico
922 813 1160 845 urbis-aerario
1177 813 1313 849 Romani
1335 814 1549 846 incluserunt.
1595 813 1823 845 Nihilominus
1840 812 1938 842 Prae-

220 871 365 911 nestini,
394 870 452 912 qui
482 870 546 901 iam
569 875 662 901 antea
685 870 813 902 oraculi
836 870 1023 910 ambagibus
1054 871 1094 903 ad
1114 871 1326 905 rebellionem
1349 872 1490 913 permoti
1516 875 1631 910 erant,
1660 881 1679 901 a
1703 869 1858 901 Romanis
1882 868 1937 899 de-

217 928 400 968 sciverunt,
423 937 486 969 quo
504 928 622 959 nuntio
639 926 741 959 allato
758 927 1049 961 Praenestinorum
1069 927 1236 968 principes
1250 928 1370 964 Romae
1388 930 1492 970 capite
1510 928 1670 961 deminuti
1683 932 1760 958 sunt
1771 927 1809 967 3).
1851 926 1938 966 Pyr-

218 986 296 1017 rhus
314 985 401 1016 enim
417 995 500 1016 anno
517 987 581 1018 474
604 985 777 1016 Praeneste
800 985 908 1025 venit,
932 995 1037 1016 arcem
1054 985 1179 1025 oppidi,
1201 996 1280 1026 quae
1303 987 1402 1017 armis
1426 986 1603 1027 expugnari
1620 996 1719 1026 paene
1734 996 1800 1016 non
1816 988 1938 1025 posset,

217 1053 259 1073 ex
282 1041 388 1072 libera
409 1047 446 1073 ut
466 1042 602 1073 videtur
625 1041 737 1082 populi
767 1041 937 1073 voluntate
959 1041 1106 1072 obtinuit
1127 1047 1236 1083 atque>
1251 1043 1326 1075 inde
1347 1048 1469 1084 septem
1496 1042 1604 1074 millia
1632 1052 1784 1083 passuum
1805 1041 1939 1071 Romam

218 1109 409 1139 progressus
432 1091 533 1139 usc'lue
558 1098 597 1129 ad
618 1098 815 1139 milliarium
838 1099 883 1130 ab.
899 1098 980 1130 urbe
1001 1098 1126 1130 XVIII
1150 1100 1352 1140 pervenit⁴).
1399 1100 1463 1131 Sed
1486 1111 1503 1131 a
1525 1100 1680 1131 Romanis
1703 1099 1856 1130 devictus
1879 1102 1939 1135 est,

217 1160 313 1196 atque
334 1155 471 1196 oppida,
503 1165 584 1196 quae
605 1155 868 1196 rebellaverant,
882 1156 994 1195 :denuo
1017 1156 1147 1193 subacta
1174 1157 1287 1198 peiore
1316 1158 1414 1189 etiam
1442 1158 1634 1190 condicione
1657 1167 1732 1195 jesse
1753 1159 1937 1195 coeperunt,

346 1212 416 1244 Iam
434 1211 510 1244 inde
533 1212 572 1244 ab
595 1212 656 1244 hoc
676 1217 821 1255 tempore
833 1213 1041 1246 Praenestini
1056 1224 1096 1246 ne
1116 1219 1266 1247 conatum
1278 1215 1410 1257 quidem
1428 1214 1753 1256 feceruntpristinae
1774 1211 1940 1246 libertatis

216 1280 252 1301 ac
270 1270 433 1311 potentiae
455 1270 711 1312 recuperandae,
751 1282 851 1313 quum
878 1271 1097 1304 Romanorum
1127 1272 1303 1313 imperium
1334 1283 1400 1304 non
1434 1278 1543 1313 posset
1578 1272 1740 1303 subverti.
1785 1271 1941 1302 Attamen

218 1327 315 1357 etiam
342 1331 420 1358 tuuc
437 1337 516 1358 suae
538 1326 626 1367 leges
649 1328 693 1359 iis
717 1328 865 1360 redditae
885 1334 964 1360 sunt
982 1333 1019 1367 et
1040 1329 1365 1364 Romanorumsocii
1386 1330 1516 1361 foedere
1546 1329 1653 1359 iuncti
1682 1331 1942 1369 permanserunt,

218 1383 252 1413 id
275 1382 361 1422 quod
390 1391 443 1412 res
471 1389 552 1420 quae
578 1380 801 1409 narrabuntur
823 1386 1007 1411 conanime
1036 1390 1207 1417 testantur,
1254 1385 1574 1421 Quare-bocrunum
1603 1383 1939 1421 commemoraverim,

217 1449 300 1473 anno
321 1439 385 1473 517
407 1435 639 1470 Praenestinos
657 1435 848 1478 peregrinos
871 1435 1047 1468 etiamtunc
1069 1434 1199 1474 habitos
1220 1446 1300 1478 esse,
1323 1436 1416 1471 cuius
1438 1437 1489 1471 rei
1511 1441 1635 1470 certum
1662 1443 1767 1472 exstat
1789 1438 1939 1474 testimo-

261 1586 271 1608 ¹
308 1584 376 1613 Liv.
399 1585 443 1612 IX
473 1583 521 1613 29.
543 1582 590 1612 38.
614 1582 661 1611 41.

259 1584 287 1669 ²}
305 1634 369 1663 Non
390 1603 478 1660 video
499 1642 611 1660 causam
633 1642 683 1659 cur
703 1633 756 1659 hac
775 1631 805 1659 in
828 1641 860 1660 re
885 1632 1011 1662 haesitet
1030 1632 1164 1670 Niebuhr
1188 1634 1208 1661 l.
1229 1633 1249 1662 1.
1271 1634 1318 1661 111
1335 1643 1363 1670 p.
1383 1634 1452 1667 260,
1474 1633 1526 1669 qui
1548 1643 1605 1661 non
1626 1641 1805 1669 comparasse
1821 1631 1939 1659 videtur

295 1683 376 1711 Plin.
398 1683 419 1711 l.
436 1683 454 1711 l.
476 1691 538 1710 cum
559 1682 627 1712 Liv.
651 1683 705 1715 IX,
726 1681 774 1715 42,
796 1682 829 1710 ll
853 1686 883 1709 et
903 1682 952 1716 46,
976 1682 1004 1711 l·

257 1730 286 1770 ⁸)
309 1734 434 1761 Zonaras
455 1738 605 1768 postquam
626 1731 770 1759 enarravit
792 1732 935 1759 Romanos
956 1732 1047 1760 sociis
1069 1731 1241 1760 civitatibus
1262 1726 1420 1769 ‘praesidia
1441 1732 1636 1769 imposuisse,
1665 1741 1701 1760 ne
1728 1723 1887 1760 deficerent
1908 1738 1937 1758 et

295 1791 366 1818 quas
379 1782 464 1810 novis
478 1783 563 1810 rebus
578 1782 698 1810 studere
711 1781 995 1816 animadvertissent,
1015 1791 1111 1810 earum
1125 1782 1275 1820 principes
1289 1783 1325 1810 ab
1345 1782 1409 1811 illis
1427 1784 1579 1813 mulctatos
1602 1792 1667 1811 esse
1683 1783 1769 1816 vlu,
1782 1783 1800 1811 3
1820 1782 1936 1819 pergit:

293 1832 352 1864 καί,
378 1843 462 1868 τινες
493 1832 561 1862 τῶν
590 1832 836 1874 Πραινεστινῶν
866 1834 908 1867 εἰς
944 1831 1005 1868 τὴν
1041 1833 1162 1873 Ῥώμην
1195 1832 1355 1875 ἀχθέντες
1392 1833 1466 1876 περὶ
1505 1833 1609 1869 δείλην
1641 1830 1751 1872 ’noim
1780 1834 1825 1869 εἰς
1859 1832 1937 1867 τοὺς

296 1884 481 1930 θησαυροὺς
512 1884 566 1916 ἐπὶ
597 1884 729 1927 φυλακῇ
759 1884 986 1927 ἐνεβλήὸησαν.
1023 1886 1089 1916 Καί
1116 1898 1168 1923 τις
1191 1887 1305 1924 αὐτοῖς
1325 1886 1358 1917 ἐκ
1376 1885 1512 1927 τούτου,
1526 1885 1669 1931 χρησμὸς
1691 1878 1936 1929 ἐκπέπλήρωτο·

296 1941 415 1984 ἐχρήθη
437 1939 499 1983 γὰρ
522 1939 637 1976 αὐτοῖς
653 1938 740 1970 ποτὲ
754 1938 817 1980 ,ὅτι
838 1939 917 1977 τοὺς
929 1942 995 1978 τῶν
1015 1941 1178 1982 Ῥωμαίων
1194 1941 1578 1984 καθέξουσιὲησαυρούς
1590 1950 1597 1957 ·
1621 1941 1676 1972 καὶ
1693 1942 1711 1971 ὁ
1726 1940 1782 1982 μὲν
1795 1943 1937 1984 χρησμὸς

296 1996 339 2030 εἷς
369 1994 475 2023 τοῦτο
500 1992 620 2033 ἀπέβη,
650 1993 809 2025 ἐκεῖνοι
839 1993 880 2024 δὲ
908 1994 978 2024 καὶ
1008 1993 1253 2026 ἀπώλοντο.
1275 2013 1317 2018 —-
1344 1998 1413 2025 Alia
1441 1999 1563 2026 sortium
1590 1999 1697 2027 Praen.
1726 2000 1843 2030 oracula
1869 2000 1939 2026 vide

294 2056 342 2084 ap.
363 2048 456 2077 Orell.
479 2047 552 2077 inse.
573 2047 662 2077 2485.
704 2049 748 2076 cf.
770 2049 969 2084 AehLampr.
991 2049 1081 2077 Alex.
1104 2048 1172 2077 sev.
1195 2050 1224 2078 4.

257 2094 285 2132 4)
303 2098 426 2133 Eutrop.
450 2098 489 2130 11,
504 2097 532 2126 7.
574 2097 679 2125 Florus
700 2098 725 2132 1,
749 2098 794 2128 18.
836 2098 935 2127 Armis
958 2099 1206 2129 vero.Praeneste
1222 2107 1284 2126 'non
1305 2104 1500 2136 expugnatum
1520 2104 1581 2132 est,
1602 2105 1635 2127 ut
1654 2100 1723 2129 Chr.
1746 2099 1854 2127 Miiller
1872 2099 1892 2125 1.
1916 2098 1938 2124 l.

295 2147 337 2180 Π,
358 2147 416 2177 370
433 2153 465 2176 et
484 2147 635 2182 westphal
655 2147 956 2184 1.1.p.103(»hns
976 2146 1053 2179 230oe
1071 2148 1118 2179 bet
1135 2139 1230 2185 ῥίφω
1250 2149 1319 2180 unb
1339 2148 1412 2184 (1150
1432 2148 1499 2185 aud>
1520 2147 1657 2185 §pta‘mste
1677 2165 1715 2172 —
1744 2150 1789 2179 013
1811 2146 1940 2183 &mische

296 2195 392 2228 &mbr
412 2198 530 2228 etobette
551 2197 584 2233 sie
605 2195 746 2232 §Dyrrboffi‘
762 2196 785 2231 ¹)
804 2198 882 2228 salso
901 2199 1068 2236 opinamur.
1110 2199 1188 2227 Illud
1209 2199 1236 2228 si
1255 2200 1360 2229 sactum
1379 2206 1457 2228 esset
1486 2208 1572 2229 cansa
1589 2210 1646 2229 non
1666 2206 1727 2229 erat
1743 2218 1753 2234 ,
1778 2209 1832 2228 cur
1849 2199 1942 2226 Prae-

295 2247 474 2275 nestinorum
494 2246 646 2283 principes
669 2246 699 2274 in
721 2247 835 2275 aerario
858 2248 966 2277 inclusi
984 2254 1162 2280 necarentur.
1184 2261 1224 2269 ·—-
1281 2275 1285 2277 o
1312 2267 1329 2275 ⁷-

1449 2301 1469 2331 4
