2208 2709
1164 94 1214 140 32

470 224 566 255 Certa
586 223 686 256 huius
709 224 760 256 rei
784 230 969 266 argumenta
994 226 1116 266 deesse,
1136 226 1217 257 satis
1243 223 1639 258 animadverterunt'viri
1661 223 1750 256 docti
1762 236 1772 260 ;
1795 230 1898 266 neque
1909 223 2049 255 omnino

327 280 444 311 Livius
466 292 568 323 neque
586 282 738 313 Velleius
760 282 969 323 paterculus,
995 284 1052 324 qui
1075 277 1221 315 colonias
1247 284 1396 315 deductas
1421 282 1565 314 dilucide
1589 286 1769 321 recensent,
1793 281 1968 323 quidquam
1989 280 2048 311 huc

326 338 364 368 de
389 349 424 369 re
447 339 600 377 tradunt3
630 339 804 370 Praeneste
829 340 863 370 in
889 339 1091 374 coloniarum
1114 352 1247 373 numero
1280 352 1345 373 non
1373 344 1641 372 commemoratur
1666 350 1768 382 neque
1791 349 1808 370 a
1831 337 1993 370 Frontino
2014 338 2051 370 in

328 396 428 436 libro,
452 408 545 437 quem
571 397 707 437 scripsit
727 398 765 429 de
787 399 941 437 coloniis,
962 411 1064 441 neque
1089 401 1124 431 in
1144 404 1350 431 monumento
1370 397 1557 440 Ancyrano.
1602 397 1645 429 Et
1659 398 1803 438 primum
1824 394 1954 439 quidem
1978 396 2050 437 ipso

329 454 431 484 verbo
452 454 625 485 Praeneste
650 454 776 486 colonia
798 457 983 497 appellatur
1001 467 1017 487 a
1042 457 1200 488 Cicerone
1223 458 1257 487 in
1282 457 1350 488 Cat.
1375 456 1402 496 1,
1427 457 1446 489 3
1464 456 1509 497 ¹),
1543 455 1660 486 deinde
1684 455 1720 485 in
1742 454 1912 485 nonnullis
1934 460 2048 484 monu-

328 511 464 550 mentis,
497 521 576 552 quae
614 511 759 553 Augusti
788 518 819 544 et
846 514 976 545 Tiberii
1006 514 1206 555 temporibus
1228 513 1333 554 posita
1355 517 1450 551 sunt,
1482 512 1656 543 Praeneste
1676 510 1805 542 colonia
1827 510 2047 550 exhibetur2).

329 568 440 609 Itaque
464 575 551 600 certe
572 575 645 600 ante
661 570 852 603 Ciceronem
877 571 1042 604 consulem
1065 572 1094 604 h.
1111 583 1136 604 e.
1160 576 1232 602 ante
1255 581 1373 602 annum
1396 573 1455 605 691
1480 569 1627 602 coloniae
1647 569 1800 601 deductio
1815 568 1889 601 fuit.
1935 568 2049 610 Neque

327 626 436 656 miuus
459 632 583 658 certum
607 634 675 668 est,
700 629 872 661 Praeneste
896 640 959 670 quo
984 635 1126 669 ternpore
1149 628 1201 659 lex
1225 628 1310 659 Iulia
1336 618 1399 660 lata
1420 633 1469 660 est
1490 629 1519 660 h.
1543 639 1569 659 e.
1591 638 1675 659 anno
1695 629 1759 661 664
1782 626 1944 658 coloniam
1967 635 2048 656 non-

326 683 401 714 dum
425 684 536 717 fuisse.
583 685 631 717 Ex
650 697 712 727 quo
734 687 888 726 efficitur,
914 686 1061 717 coloniae
1078 686 1251 716 Praeneste
1275 686 1499 717 deductionem
1517 685 1617 716 fuisse
1648 684 1736 715 inter
1760 685 1821 715 hos
1846 683 1972 724 viginti
1996 691 2047 713 se—

327 746 412 782 ptem
434 753 550 781 annos,
574 748 604 773 et
629 754 725 784 quum
747 745 785 775 de
806 744 866 775 illo
890 749 1015 775 tantum
1037 748 1181 785 tempore
1204 743 1348 774 dubitari
1370 743 1486 784 possit,
1512 741 1795 775 verisimillimum
1811 751 1892 782 esse,
1917 751 1933 772 a
1955 737 2049 771 Sulla

328 799 490 830 coloniam
519 811 634 832 revera
658 802 825 833 deductam
849 812 936 842 esse,
974 812 1071 843 quum
1101 812 1166 833 non
1185 801 1273 832 aliud
1300 801 1388 831 inter
1408 801 1466 831 hos
1495 810 1596 831 annos
1618 805 1744 841 tempus
1767 810 1865 841 aeque
1889 808 2049 830 commen-

328 857 434 889 detur.
480 858 605 888 Verum
629 859 726 889 etiam
750 859 860 889 Sullae
884 860 1085 899 temporibus
1116 864 1145 889 et
1179 859 1240 889 illo
1271 860 1340 900 ipso
1364 858 1494 899 quidem
1516 867 1619 897 anno,
1653 869 1716 899 quo
1747 858 1921 889 Praeneste
1950 857 1989 887 ab
2013 865 2050 886 eo

326 919 543 953 expugnatum
566 920 625 954 est,
650 915 803 956 oppidum
827 914 1042 956 municipium
1063 914 1247 957 appellatur
1268 916 1349 957 apud
1365 915 1498 946 Florum
1521 914 1586 955 111,
1596 917 1648 953 21,
1662 917 1704 948 27
1715 916 1756 956 ³),
1781 925 1820 946 ex
1839 924 1904 956 quo
1917 913 1989 944 loco
2003 913 2050 943 si-

325 970 392 1001 mul
417 976 557 1011 apparet,
585 983 601 1003 a
625 972 717 1004 Sulla
744 973 814 1014 ipso
835 973 1009 1005 Praeneste
1026 973 1188 1005 coloniam
1210 973 1387 1005 militarem
1411 973 1577 1004 deductam
1591 983 1670 1012 esse,
1693 982 1766 1003 nam
1787 972 1906 1002 Florus
1930 970 2049 1001 nPrae-

326 1033 415 1058 neste
429 1051 438 1067 ,
464 1029 584 1069 iuquit,
609 1030 669 1060 sub
692 1030 781 1061 hasta
804 1031 918 1061 venitn
943 1031 976 1061 id
999 1032 1085 1072 quod
1108 1032 1238 1072 signum
1261 1036 1329 1062 erat
1352 1030 1498 1061 coloniae
1520 1030 1677 1061 militaris
1700 1029 1918 1060 deductionis.
1962 1027 2050 1058 Satis

327 1088 438 1116 notum
462 1091 529 1126 est,
555 1098 570 1117 a
596 1087 689 1118 Sulla
714 1088 890 1129 permultas
917 1088 1062 1119 colonias
1086 1088 1247 1120 militares
1266 1088 1417 1120 deductas
1441 1098 1533 1126 esse,
1564 1087 1788 1119 Praenestinis
1816 1090 1921 1118 autem
1953 1083 2050 1116 valde

327 1142 429 1173 iratus
456 1148 539 1182 erat,
563 1149 599 1174 ut
622 1145 685 1175 iam
707 1156 766 1185 per
785 1156 818 1176 se
845 1150 1094 1177 consentaneum
1114 1147 1179 1185 sit,
1207 1146 1337 1176 misisse
1360 1156 1431 1176 eum
1457 1145 1539 1176 illuc
1564 1144 1709 1184 milites,
1740 1144 1858 1185 quibus
1879 1142 1950 1183 agri
1982 1151 2049 1172 ma-

324 1208 419 1237 guam
441 1205 563 1240 partem
585 1201 875 1233 distribuerentur.
923 1203 1089 1244 Oppidum
1114 1203 1218 1244 ipsum
1240 1202 1498 1234 munitissimum
1521 1207 1553 1233 et
1575 1202 1694 1233 Romae
1714 1201 1885 1240 vicinum,
1902 1200 1932 1241 si
1954 1198 2049 1229 fidem

324 1256 488 1296 servabat,
511 1258 620 1289 Sullae
644 1259 818 1300 imperium
843 1259 997 1290 reddebat
1019 1265 1135 1291 tutum.
1182 1260 1310 1291 Milites
1334 1264 1439 1290 autem
1460 1259 1636 1291 Praeneste
1659 1258 1814 1290 deductos
1835 1267 1969 1289 numero
1991 1266 2050 1287 ve-

324 1317 408 1344 teres
430 1314 553 1346 incolas
575 1326 641 1346 non
672 1317 864 1358 adaequasse
887 1329 925 1348 ex
958 1317 1063 1350 Cicer.
1089 1317 1150 1358 leg.
1175 1328 1279 1357 agrar.
1305 1317 1362 1357 11,
1385 1319 1427 1350 28
1438 1318 1467 1358 ⁴)
1499 1317 1690 1357 colligitur,
1724 1321 1757 1347 et
1786 1316 1851 1346 iam
1873 1313 2047 1347 Ciceronis

328 1371 431 1410 ipsius
453 1374 654 1412 temporibus
674 1374 742 1405 sere
763 1376 872 1406 omnia
895 1377 1036 1416 vestigia
1056 1375 1186 1407 Sullani
1207 1375 1365 1416 supplicii
1387 1375 1560 1407 evanuisse
1576 1375 1745 1414 videntur,
1768 1384 1865 1415 quum
1882 1372 1940 1404 ille
1957 1371 2051 1402 ludos

324 1432 418 1466 atque
440 1428 576 1457 delicias
600 1429 788 1460 Praenestis
814 1431 925 1468 oppidi
949 1432 1073 1468 magnis
1097 1431 1247 1462 laudibus
1271 1432 1408 1463 extollat
1419 1432 1512 1467 ⁵).—

442 1483 630 1524 Insequenti
650 1483 736 1515 bello
754 1483 852 1514 civili
870 1495 969 1525 prope
993 1484 1113 1514 sactum
1133 1488 1193 1523 est,
1219 1488 1256 1514 ut
1277 1483 1451 1515 Praeneste
1472 1484 1577 1515 denuo
1588 1488 1788 1523 vastaretur,
1815 1488 1908 1524 atque
1925 1482 2050 1514 incolae

324 1539 447 1570 alienae
472 1540 584 1581 culpae
603 1551 721 1581 poenas
743 1540 865 1572 darent.
912 1540 951 1571 In
974 1539 1061 1571 bello
1083 1540 1183 1579 enim,
1215 1540 1299 1580 quod
1326 1540 1362 1572 L.
1391 1540 1557 1572 Antonius
1576 1540 1710 1581 consul,
1734 1541 1909 1571 triumviri
1933 1540 2048 1578 frater,

328 1602 441 1627 contra
462 1597 680 1628 Octavianum
699 1598 811 1637 gessit,
835 1597 954 1628 Fulvia
978 1607 1063 1627 uxor
1084 1596 1259 1627 triumviri
1271 1597 1446 1629 Praeneste
1459 1597 1540 1628 belli
1562 1598 1666 1629 sedem
1686 1598 1786 1637 elegit
1806 1607 1907 1637 eoque
1928 1607 1961 1628 se
1978 1607 2050 1627 cum

327 1653 364 1684 L.
391 1654 540 1684 Antonio
568 1654 719 1685 contulit.
766 1654 916 1694 Receptis
947 1655 980 1684 in
1001 1664 1074 1684 suas
1106 1642 1212 1694 partes
1247 1654 1400 1694 populis,
1430 1665 1567 1695 quorum
1597 1655 1669 1695 agri
1698 1654 1862 1684 militibus
1893 1653 2051 1693 assignati

327 1715 438 1748 erant,
464 1710 595 1741 Caesari
619 1711 739 1742 bellum
767 1711 879 1741 intulit
894 1712 931 1751 ⁶).
975 1711 1111 1741 Frustra
1137 1711 1247 1742 missis
1264 1711 1362 1741 Roma
1387 1711 1503 1752 legatis
1526 1711 1589 1742 iam
1612 1721 1698 1742 nova
1718 1710 1831 1752 oppidi
1855 1710 2051 1751 expugnatio

331 1768 538 1808 im111iuebat3
571 1773 604 1800 at
631 1768 751 1801 Lucius
775 1768 948 1801 Praeneste
970 1769 1138 1802 Perusiam
1158 1780 1192 1801 se
1215 1768 1357 1801 contulit
1375 1780 1478 1811 neque
1494 1768 1581 1801 bello
1603 1768 1685 1801 illuc
1706 1779 1780 1800 ann.
1805 1769 1868 1801 713
1891 1766 2050 1798 translato

369 1892 393 1929 ¹)
414 1896 515 1924 Festus
538 1906 560 1925 s.
584 1907 611 1924 v.
634 1897 887 1934 municipium
906 1897 982 1925 nihil
1004 1897 1084 1926 iuvat
1105 1898 1140 1925 ad
1163 1898 1236 1925 hanc
1257 1905 1315 1925 rem
1338 1896 1422 1934 plane
1441 1897 1812 1935 exponendam—Cicero
1825 1902 1919 1926 autem
1937 1902 1966 1925 et
1985 1897 2050 1934 ipse

404 1945 481 1971 illam
505 1946 600 1972 sedem
624 1940 783 1974 rebellandi
804 1947 943 1974 metuisse
965 1948 1091 1975 videtur.

368 1992 394 2026 2)
416 1994 509 2021 Orelli
534 1995 623 2023 inser.
648 1996 732 2024 1831.
756 1997 842 2026 3045.
865 1997 958 2025 3051:
983 1997 1085 2024 insen:
1118 1996 1182 2032 paci
1202 1997 1331 2031 Augusti
1352 2003 1476 2025 sacrum(
1503 2006 1550 2033 ep.
1565 1997 1730 2033 Capmartin
1753 1998 1772 2026 l.
1794 1997 1813 2024 l.
1834 1997 1875 2030 11,
1890 1997 1957 2025 318.
1980 1996 2046 2024 alia.

368 2040 395 2078 3)
422 2044 599 2080 »Municipia
620 2046 859 2081 splendidissima
878 2048 933 2074 sub
954 2048 1035 2074 hasta
1063 2046 1215 2074 venierunt
1242 2046 1310 2083 (per
1329 2046 1451 2083 Sullam)
1474 2046 1656 2084 Spoletium,
1678 2048 1855 2080 Interamna,
1882 2046 2049 2080 Praeneste,

406 2093 509 2122 Tibur.
551 2095 595 2122 Cf.
617 2095 776 2128 Augustini
799 2097 892 2123 locum
915 2105 1001 2132 supra
1024 2097 1166 2123 laudatum
1189 2106 1218 2132 p.
1237 2097 1276 2125 29
1295 2106 1322 2124 n.
1345 2097 1372 2125 4.

367 2139 395 2177 4)
423 2143 475 2169 »At
494 2142 624 2170 videmus
637 2152 736 2178 agrum
749 2145 970 2172 Praenestinum
991 2155 1007 2172 a
1030 2145 1162 2181 paucis
1185 2146 1366 2181 possideri«.
1385 2146 1429 2174 Cf.
1444 2145 1576 2174 Frontiu.
1591 2146 1627 2173 de
1647 2147 1749 2174 colon:
1770 2146 1941 2173 »Praeneste
1961 2145 2049 2181 oppi-

404 2192 490 2225 dum,
510 2201 580 2227 ager
598 2192 663 2220 eius
684 2202 699 2220 a
720 2194 933 2229 Quinqueviris
952 2204 1005 2231 pro
1024 2201 1106 2231 parte
1129 2195 1157 2222 in
1180 2195 1334 2230 iugeribus
1354 2195 1519 2230 assignatus
1538 2202 1608 2224 est.⁸
1632 2210 1672 2216 —

364 2237 391 2278 5)
414 2243 460 2270 Ad
480 2243 572 2271 Attic.
594 2244 663 2276 ΧΙΙ,
685 2243 704 2272 2
727 2244 804 2272 Ludi
827 2246 936 2272 interea
952 2246 1111 2273 Praeneste
1131 2260 1169 2266 ·—-
1186 2252 1213 2273 et
1235 2246 1352 2280 quidem
1372 2246 1435 2274 ludi
1457 2247 1521 2275 dies
1543 2253 1627 2282 oc103
1653 2255 1727 2281 quae
1753 2254 1877 2280 coenae,
1906 2253 1979 2280 quae
1998 2245 2048 2272 de-

400 2293 502 2319 liciae!
546 2293 589 2319 Cs.
608 2301 660 2328 pro
682 2293 790 2320 Planco
813 2294 860 2322 26.
883 2309 921 2313 —
942 2295 987 2321 Aa
1009 2295 1093 2322 ludos
1112 2295 1318 2323 Praenestinos
1347 2302 1475 2331 spectant
1498 2297 1585 2326 inser.
1614 2305 1660 2332 ap.
1691 2296 1808 2326 Gruter.
1831 2306 1860 2332 p.
1880 2295 1939 2325 483
1959 2294 2043 2322 aliae.

366 2339 391 2377 ⁶)
414 2343 480 2369 Lu.
505 2342 623 2378 epitom.
649 2342 713 2371 115.
742 2343 806 2372 117.
1079 2329 1088 2338 ⁶
