2208 2709
1150 91 1202 130 35

1020 165 1040 176 s

305 226 403 258 quam
422 215 534 248 eodem
557 214 627 247 fere
646 218 792 253 tempore
808 211 948 253 positam
967 221 1036 244 esse
1060 217 1311 245 consentaneum
1333 218 1393 254 est,
1414 213 1592 245 Praeneste
1617 214 1780 247 coloniam
1805 225 1871 247 non
1895 217 2036 250 exhibet.

301 274 388 307 Nam
414 284 494 316 quae
516 271 667 306 Orelli-ns
687 270 801 313 (inser.
823 270 922 312 1167)
945 275 1059 302 contra
1080 271 1308 304 auctoritatem
1339 272 1436 305 liuius
1461 273 1647 315 argumenti
1670 273 1849 315 disseruit,
1882 274 1923 306 ad
1947 286 2033 307 com-

301 332 499 373 probandam
520 331 592 361 eius
613 329 807 361 sententiam
828 338 894 359 non
916 328 1067 360 sufficere
1089 329 1248 361 videntur
1260 332 1297 371 1).

431 389 566 421 Nerone
587 387 784 429 imperatore
804 397 922 419 nomen
945 386 1134 419 Praenestis
1168 387 1272 420 denuo
1294 387 1419 420 terrori
1450 387 1526 429 fuit,
1558 399 1657 430 quum
1687 389 1789 430 (anno
1813 390 1855 422 64
1878 398 1909 430 p.
1935 388 2033 430 Chr.)

299 449 497 490 gladiatores
520 446 569 477 ibi
598 445 776 477 tumultum
803 446 986 476 excitarent
1007 450 1102 486 atque
1137 445 1288 486 Spartaci
1318 451 1464 499 testores
1497 446 1606 479 redire
1635 447 1857 479 crederentur.
1906 447 2033 478 Verum

300 505 356 538 illi
377 504 490 536 statim
511 504 650 536 coerciti
670 509 747 536 sunt
767 508 800 535 et
820 502 913 545 quies
937 502 1035 535 facile
1056 503 1210 535 restituta
1237 507 1287 535 est
1301 503 1339 545 Β).

429 561 596 594 Servilem
618 572 693 602 erga
713 561 873 602 pessimos
893 561 1061 603 principes
1084 561 1304 594 adulationem
1325 560 1533 592 Praenestini
1556 572 1654 603 aeque
1682 567 1778 603 atque
1799 572 1910 594 omnes
1934 572 2029 603 prae-

300 619 429 651 stabant
449 624 483 650 et
503 618 572 651 fere
592 618 770 661 unicuique
791 623 961 661 postquam
983 619 1157 661 imperium
1177 624 1291 652 nactus
1313 624 1362 652 est
1384 619 1458 652 sive
1488 619 1517 651 is
1538 618 1733 652 deterrimus
1755 620 1821 652 fuit
1842 621 1916 652 sive
1939 621 2029 662 opti·

299 687 382 717 mus,
404 681 509 708 statua
520 676 650 717 publice
670 677 776 717 posita
800 681 861 717 est,
884 677 919 708 id
942 677 1027 719 quod
1052 688 1087 709 ea
1110 688 1146 709 re
1166 678 1315 709 effectum
1337 688 1405 710 esse
1424 677 1571 717 videtur,
1594 678 1679 718 quod
1693 678 1906 718 imperatores
1926 679 2028 710 Prae-

284 738 391 777 ‘neste
415 733 451 764 in
481 732 600 765 villam
624 733 814 765 Caesaream
845 734 1087 775 recedebant3).
1131 735 1368 777 Imperatorum
1391 734 1594 776 temporibus
1621 734 1740 767 Romae
1772 736 1808 766 in
1841 736 1921 767 urbe
1953 732 2026 767 sors

297 792 403 824 totius
426 791 558 833 imperii
583 792 691 833 posita
714 797 795 832 erat,
816 803 916 833 penes
938 792 1068 834 reliqua
1088 792 1204 824 Italiae
1226 794 1343 834 oppida
1362 793 1454 825 nulla
1471 798 1540 824 erat
1562 793 1666 825 libera
1688 793 1803 834 agendi
1818 793 1924 825 ratio:
1948 803 2025 824 nar-

299 850 399 880 randa
417 854 493 880 sunt
513 859 579 880 non
603 859 684 890 quae
705 849 854 880 fecerunt
875 849 1042 890 oppidani,
1065 849 1122 881 sed
1145 859 1225 893 quae
1249 850 1284 881 in
1298 850 1428 894 oppidis
1442 849 1527 881 facta
1542 855 1638 889 sunt;
1661 850 1715 882 illi
1737 860 1830 890 agere
1853 849 1922 881 sere
1937 849 2025 882 nihil

297 910 454 946 potuere,
478 906 548 947 pati
570 907 741 948 permulta.

424 964 565 996 Tantum
589 966 623 996 in
645 964 745 996 bellis
756 963 918 996 civilibus
939 974 1169 1005 nonnunquam
1184 965 1324 997 alicuius
1341 964 1498 996 momenti
1516 969 1598 1004 erat,
1620 974 1771 1005 quasnam
1790 969 1898 1004 partes
1911 974 2023 1004 seque-

298 1023 414 1052 rentur
431 1020 549 1052 Italiae
574 1021 808 1053 florentissima
832 1022 969 1063 oppida;
1000 1021 1164 1053 bellorum
1195 1022 1394 1053 calamitates
1426 1023 1464 1053 ab
1497 1022 1645 1063 utrisque
1669 1022 1877 1053 timebantur.
1923 1021 1966 1051 Et
1989 1021 2025 1050 in

297 1078 385 1110 bello
408 1079 552 1120 quidem,
578 1091 641 1121 quo
653 1080 875 1122 Vespasianus
889 1079 1034 1112 Vitellio
1057 1085 1184 1121 raptum
1207 1081 1379 1122 imperium
1393 1080 1529 1121 eripuit,
1552 1079 1760 1111 Praenestini
1773 1079 1917 1110 Vitellio
1930 1078 2026 1109 fidem

297 1146 400 1177 usque
418 1137 457 1168 ad
479 1137 575 1167 finem
598 1148 748 1169 servasse
771 1138 941 1178 videntur,
967 1138 1014 1169 ita
1032 1143 1069 1169 ut
1091 1138 1270 1170 Vitelliani
1291 1139 1380 1170 inter
1402 1138 1511 1172 Tibur
1531 1142 1563 1169 et
1580 1137 1754 1170 Praeneste
1768 1141 1881 1169 contra
1901 1136 2024 1174 hostes,

297 1194 356 1236 qui
379 1193 530 1227 Carsulis
553 1200 727 1238 venerant,
751 1200 858 1230 castra
880 1200 1039 1240 ponerent
1048 1195 1088 1239 ⁴).

340 1297 366 1333 ¹)
384 1300 455 1327 Nam
476 1300 550 1328 ordo
565 1301 772 1336 Augustalium
794 1311 851 1330 non
880 1302 1005 1330 ’serius‘
1032 1303 1084 1330 sed
1104 1311 1179 1331 anno
1199 1303 1258 1332 767
1278 1301 1330 1338 (14
1351 1311 1381 1338 p.
1404 1300 1476 1337 Ch.)
1498 1300 1652 1329 institutus
1674 1304 1735 1332 est3
1758 1299 1827 1326 Tac.
1847 1306 1912 1325 ann.
1933 1298 1957 1331 1,
1971 1297 2026 1330 543

374 1357 410 1377 eo
431 1350 509 1384 quod
523 1350 553 1378 in
567 1350 777 1388 inscriptione:
798 1352 864 1381 Pal.
878 1352 931 1389 (ex
947 1353 1026 1381 tribu
1040 1351 1188 1388 Palatina)
1202 1352 1333 1381 additum
1346 1357 1417 1386 erat,
1435 1351 1562 1381 Verrius
1578 1351 1698 1379 Flaccus
1719 1349 1845 1377 libertus
1866 1348 1913 1376 vel
1934 1348 2030 1375 liber-

374 1399 455 1426 tinus
477 1400 684 1434 designabatur
703 1401 833 1436 (Zaccar.
858 1402 954 1430 instit.
975 1404 1051 1438 Lap.
1071 1404 1113 1435 ΙΙ,
1136 1405 1164 1435 1,
1185 1403 1215 1430 6.
1242 1402 1361 1428 Petrini
1382 1402 1498 1429 ann.22
1509 1411 1539 1435 p.
1554 1399 1653 1433 ehu),
1675 1399 1716 1425 'na
1736 1404 1768 1425 ut
1786 1398 1917 1426 litterae:
1942 1398 1980 1424 Q.
1993 1397 2027 1424 F.

373 1454 500 1474 errorem
520 1454 577 1471 non
598 1445 779 1478 excitarent5
798 1448 975 1479 Hieronymi
995 1456 1088 1472 ame...
1110 1450 1148 1471 de
1167 1448 1355 1482 praenotatae
1375 1452 1433 1472 non
1454 1451 1532 1472 tanta
1560 1451 1605 1470 est
1630 1446 1807 1475 auctoritas,
1836 1449 1893 1476 qua
1922 1444 2029 1471 inscri-

374 1494 487 1532 ptionis
510 1493 666 1529 integritas
688 1492 805 1522 omnino
826 1488 987 1522 resella'tur.

339 1543 366 1581 2)
388 1545 458 1573 Tac.
479 1552 544 1574 ann.
566 1543 636 1577 XV,
658 1543 707 1572 46.

336 1594 365 1632 3)
386 1594 502 1623 Privati
526 1594 654 1622 hominis
673 1598 772 1623 votum
792 1602 846 1631 pro
865 1593 958 1622 salute
978 1598 1007 1623 et
1035 1592 1135 1623 reditu
1163 1592 1316 1630 Caligulae
1336 1593 1470 1631 (Sueton.
1493 1592 1556 1622 Cal.
1573 1591 1623 1629 14)
1644 1591 1746 1622 exhib.
1764 1590 1854 1622 inser.
1869 1600 1916 1629 ap.
1932 1592 2026 1622 Orell.

377 1645 464 1675 1279.
507 1644 715 1672 Praenestinos
737 1652 856 1678 quoque
891 1644 982 1680 »piis,
1007 1644 1161 1672 fidelibus·
1197 1645 1315 1672 Claudii
1341 1644 1512 1680 legionibus
1532 1644 1598 1680 (XI
1618 1649 1647 1671 et
1665 1642 1745 1678 VII)
1768 1643 1939 1671 interfuisse
1962 1648 2027 1670 test.

377 1695 467 1723 inser.
490 1702 536 1730 ap.
559 1694 677 1721 Gruter.
697 1703 728 1730 p.
750 1692 820 1722 565.

339 1742 367 1781 ⁴)
386 1746 454 1773 Tac.
476 1744 582 1772 histor.
599 1744 656 1777 111,
679 1743 732 1777 57;
751 1743 800 1773 60.
842 1743 975 1773 Carsulis
997 1750 1026 1773 et
1047 1746 1097 1773 via
1115 1743 1307 1774 Praenestina
1326 1749 1355 1772 et
1373 1743 1424 1772 via
1443 1742 1602 1772 Tiburtina
1616 1743 1735 1771 Romam
1745 1741 1868 1779 aggredi
1881 1747 2026 1779 poterant.

377 1795 451 1823 Tab.
472 1794 618 1828 Peuting:
640 1793 800 1822 Praeneste
822 1814 905 1823 .....
927 1795 1046 1823 Treblis
1064 1796 1109 1823 XI

825 1862 1040 1874 ...........
1068 1845 1139 1874 XV.
1160 1858 1200 1866 —·
1217 1845 1354 1872 Toumon
1376 1843 1397 1872 l.
1420 1843 1440 1872 1.
1461 1843 1508 1877 11,
1533 1843 1606 1876 160,
1632 1847 1748 1879 praeter
1768 1842 1848 1869 illam
1869 1842 1962 1875 viam,
1987 1842 2028 1868 al-

376 1898 484 1928 teram,
502 1896 531 1920 et
552 1891 644 1928 ipsam
664 1891 822 1923 secundum
840 1894 899 1922 tab.
920 1892 1008 1924 Peut.
1031 1895 1168 1924 exhibet:
1190 1904 1246 1923 une
1261 1894 1328 1923 voie
1342 1892 1515 1923 conduisant
1538 1893 1575 1921 de
1588 1893 1680 1921 Rome
1694 1901 1711 1921 a
1725 1893 1857 1921 Carsulis
1873 1901 1926 1929 par
1938 1892 2029 1920 Prae-

377 1949 478 1973 neste:
499 1943 659 1971 Praeneste
681 1963 769 1972 .....
793 1942 912 1971 Treblis
931 1944 977 1971 XI

682 2011 765 2021 .....
788 1992 919 2020 Carsulis
932 1993 1002 2022 XV.
1045 1994 1104 2021 Iam
1122 1994 1276 2030 Westphal
1295 1993 1316 2022 l.
1332 1993 1353 2021 l.
1379 2001 1409 2029 p.
1424 1991 1481 2021 105
1501 1995 1582 2020 recte
1600 1990 1789 2019 adnotaverat
1811 1991 1847 2018 ad
1869 1993 1928 2021 tab.
1943 1991 2030 2021 Peut.

377 2051 477 2072 vocem
504 2041 663 2070 »Carsulis‘
689 2042 808 2070 lacunae
828 2043 894 2070 loco
914 2043 1075 2079 ponendam
1093 2052 1168 2078 esse,
1189 2044 1240 2072 sed
1263 2043 1336 2071 male
1357 2044 1400 2071 ita
1421 2047 1452 2071 ut
1472 2042 1586 2070 numeri
1607 2047 1766 2075 manerent,
1787 2042 1920 2076 quamvis
1942 2042 1960 2069 1.
1973 2043 1991 2070 l.
2004 2053 2032 2077 p.

381 2093 437 2122 107
458 2093 552 2120 locum
574 2091 651 2119 inter
671 2092 806 2120 Carsulas
829 2097 858 2120 et
878 2093 1038 2121 Praeneste
1058 2093 1185 2129 positum
1204 2103 1261 2121 non
1283 2102 1371 2130 posse
1394 2093 1525 2121 inveniri
1555 2093 1621 2128 ipse
1649 2091 1800 2119 consessus
1829 2092 1880 2120 sit.
1923 2093 2033 2120 Verum

380 2151 482 2171 revera
500 2142 660 2170 Praeneste
681 2142 801 2170 Treblis
823 2141 915 2171 distat
932 2143 1006 2173 mill.
1025 2144 1115 2172 XXV
1134 2144 1180 2172 vel
1203 2144 1319 2177 xxvl,
1340 2149 1369 2171 et
1391 2143 1530 2171 Carsulae
1550 2142 1712 2171 Praeneste
1741 2141 1854 2171 distant
1875 2142 1948 2171 mill.
1974 2142 2034 2170 fere

379 2193 440 2223 XV
447 2202 456 2227 ς
479 2191 574 2229 igitur
593 2192 749 2229 legendum
769 2201 836 2222 esse
856 2202 976 2223 censeo:
997 2193 1157 2223 Praeneste
1178 2214 1261 2224 .....
1284 2194 1417 2223 Carsulis
1438 2194 1498 2224 XV

1178 2264 1262 2274 .....
1284 2237 1405 2273 Treblis
1437 2245 1492 2274 XI.

462 2293 599 2321 Fortasse
627 2292 703 2321 illud
730 2303 848 2330 quoque
873 2294 998 2325 Vitellii
1026 2303 1152 2324 amorem
1172 2300 1315 2330 testatur,
1345 2296 1425 2331 quod
1450 2304 1547 2332 neque
1574 2293 1788 2333 Vespasianum
1814 2302 1911 2329 neque
1938 2293 2037 2321 Titum

383 2343 443 2373 ulla
465 2342 623 2381 inscriptio
642 2344 775 2375 exhibet.
