2208 2709
930 34 955 72 7

73 164 264 198 Praenesti·
284 170 403 193 nomen
421 164 454 192 et
476 156 638 199 originem
660 166 679 188 a
699 155 891 196 Praeneste,
915 154 990 187 sive
1012 154 1242 195 Praenestene,
1264 155 1396 197 Ulyssis
1417 163 1553 198 nepote,
1587 157 1803 199 dammum),

74 222 245 256 levissime
273 220 311 252 in
341 219 424 250 hanc
460 226 530 247 rem
559 213 827 257 inquisiverunt,
869 217 982 254 utpote
1012 213 1072 255 qui
1107 221 1148 245 ex
1179 213 1275 245 urbis
1304 214 1438 245 nomine
1472 215 1653 246 conditoris
1686 225 1805 246 nomen

73 277 240 313 finxerint.
285 273 482 309 Plutarchus
493 273 522 315 ²)
543 273 612 305 fere
634 270 767 303 eandem
788 270 930 302 fabulam
953 271 1129 303 secundm
1148 271 1285 303 tertium
1306 271 1489 304 Aristoclis
1505 272 1544 303 de
1557 272 1656 303 rebus
1674 272 1804 305 Italicis

73 338 197 370 librum
219 334 380 376 sequitur,
402 333 450 364 ita
468 337 577 364 tamen
598 334 636 361 ut
655 328 809 370 oppidum
832 327 904 359 ἀπὸ
924 330 994 362 τῶν
1015 327 1180 372 ἀγροίκων
1202 329 1414 373 πρινίνων
1439 330 1580 370 κλάδων,
1604 329 1724 371 quibus
1749 340 1802 361 co-

72 400 204 427 ronatos
224 391 410 432 Telegonus
429 390 573 422 vidisset
596 386 722 419 incolas
740 385 910 427 saltantes,
929 387 1038 428 primo
1058 387 1243 432 Πρίνιστον
1263 393 1296 420 et
1317 389 1434 421 deinde
1457 389 1585 421 detorta
1600 398 1684 420 voce
1702 398 1719 419 a
1736 387 1802 419 Ro.

72 452 177 484 manis
196 449 371 483 Praeneste
391 445 590 488 appellatum
613 454 683 476 esse
699 448 842 475 enarret.

200 520 280 552 Cato
311 518 394 560 apud
425 517 582 549 Servium
613 516 653 548 ad
680 515 765 548 Aen.
790 515 883 556 VII,
915 515 981 549 682
1011 514 1066 556 (cf.
1093 515 1210 547 Festus
1233 526 1258 549 s.
1280 526 1314 550 v.
1337 515 1528 558 Praeneste)
1551 516 1648 548 aliam
1670 516 1799 557 profert

69 577 283 615 sententiam3
314 585 388 606 nam
416 573 591 606 Praeneste
622 572 819 613 appellatum
846 582 914 604 esse
944 572 1098 613 oppidum
1126 573 1293 605 existimat
1316 574 1412 615 aquia
1434 575 1600 606 montibus
1623 580 1796 615 praestetu.

70 635 160 666 Idem
181 633 324 665 Verrius
345 631 483 662 Flaccus
505 629 695 671 comprobat
717 629 852 660 Catonis
878 630 1107 661 auctoritatem
1128 635 1306 672 sequutus,
1331 636 1368 662 ut
1393 636 1479 662 recte
1503 632 1688 671 suspicatur
1712 630 1797 662 Gro-

68 692 177 725 tefend
191 692 231 731 3).
275 689 323 722 At
355 699 438 721 vero
461 688 549 719 iusto
575 687 679 728 magis
708 697 748 718 ex
780 686 847 718 loci
870 691 987 718 natura
1013 691 1108 728 atque
1131 698 1171 718 ex
1203 688 1391 720 litterarum
1414 688 1549 729 sonique
1576 688 1798 720 similitudine

37 741 44 785 Ξ
68 749 265 783 disseruisse
286 747 434 786 videtur,
457 755 560 786 neque
584 744 746 785 neglectis
763 744 894 785 linguae
919 744 1047 785 legibus
1069 754 1184 777 veram
1206 746 1365 777 rationem
1388 751 1543 787 sequutus
1566 751 1623 779 est..
1671 746 1797 778 Secun-

38 789 41 792 -
69 806 144 839 dum
165 805 320 838 Catonem
342 802 478 836 minime
499 801 682 844 explicatur
707 800 820 832 littera
842 812 864 832 n
886 801 922 831 in
946 811 1028 833 voce
1050 801 1239 833 Praenestis
1262 807 1294 833 et
1316 802 1430 834 littera
1451 807 1595 834 extrema
1618 814 1634 834 e
1659 814 1796 844 prorsus

22 909 25 913 ,
67 864 209 906 abundat
218 865 258 903 ⁴¹).

197 933 374 966 Diversam
400 929 595 963 sententiam
621 929 762 963 Servius
787 927 857 971 ipse
880 929 1012 962 exhibet
1034 927 1059 960 l.
1082 929 1104 962 Ι.
1126 928 1212 961 Nam
1237 931 1452 972 ''Praeneste,
1483 933 1612 973 inquit,
1632 934 1723 964 locus
1746 939 1796 964 est

25 977 28 1029 ἶ
67 992 175 1022 dictus
200 990 269 1021 ἀπὸ
288 991 357 1021 τῶν
377 990 499 1033 πρίνων
521 988 552 1021 h.
577 999 605 1021 e.
628 989 668 1020 ab
699 989 855 1029 ilicibus,
883 999 963 1030 quae
985 988 1059 1021 illic
1081 989 1265 1021 abundantu
1278 989 1318 1031 ⁵).
1366 990 1430 1022 Sed
1446 991 1599 1032 quamvis
1620 991 1697 1023 haec
1721 1001 1794 1022 sen-

26 1072 27 1075 *
66 1047 169 1079 tentia
189 1044 256 1079 loci
280 1051 396 1077 natura
419 1045 673 1085 commendetur,
696 1036 816 1085 tamen,
839 1045 1014 1086 quominus·
1034 1055 1102 1076 eam
1124 1047 1387 1087 comprobemus,
1417 1047 1549 1088 linguae
1580 1050 1667 1079 ratio
1698 1048 1795 1079 valde

66 1106 181 1138 obstat.
227 1102 313 1137 Nam
334 1114 437 1145 neque
459 1102 551 1135 aliud
570 1103 750 1145 vestigium
772 1100 868 1135 vocis
890 1100 985 1134 illius
1008 1103 1043 1134 in
1062 1101 1165 1135 latina
1188 1101 1301 1145 lingua
1324 1102 1516 1145 invenitur,
1547 1114 1650 1146 neque
1680 1113 1795 1145 graeca

20 1174 22 1176 ·
67 1161 178 1193 littera
202 1161 214 1193 i
238 1162 273 1193 in
296 1161 400 1193 latino
426 1171 575 1192 sermone
598 1161 739 1201 exprimi
762 1161 847 1192 solet
869 1160 994 1192 litteris
1015 1172 1071 1200 ae,
1100 1172 1205 1202 neque
1239 1161 1385 1203 syllabae
1417 1167 1506 1202 este,
1535 1174 1614 1204 quas
1654 1162 1795 1194 aliorum

66 1229 192 1260 quoque
213 1220 408 1261 oppidorum
426 1219 559 1251 nomina
579 1218 746 1259 exhibent,
769 1223 807 1250 ut
826 1218 962 1259 Ateste,
994 1218 1169 1260 Tergeste,
1200 1218 1333 1251 eandem
1364 1219 1532 1251 notionem
1561 1219 1696 1260 habent,
1732 1229 1794 1262 qua

66 1276 221 1317 leguntur
242 1276 388 1317 syllabae
410 1281 532 1308 etum.

25 1339 39 1431 ξ
194 1346 321 1380 Verum
345 1347 409 1379 alia
428 1356 497 1380 vox
512 1346 766 1387 commendatur,
789 1345 875 1378 unde
890 1356 1007 1377 vocem
1025 1343 1215 1377 Praenestis
1238 1344 1417 1376 ducendam
1434 1354 1504 1376 esse
1521 1345 1684 1379 existimo.
1730 1346 1794 1379 Ra-

19 1430 37 1446 „
65 1404 170 1435 dicem
194 1402 280 1433 enim
301 1402 397 1432 sitam
419 1411 488 1431 esse
513 1402 660 1432 arbitror
680 1405 717 1436 in
740 1404 942 1436 Graecorum
965 1414 1046 1435 voce
1071 1402 1155 1448 πρήν
1177 1402 1251 1433 sive
1272 1401 1403 1445 πρηών,
1426 1414 1506 1445 quae
1527 1405 1742 1446 praecipitem
1763 1410 1794 1436 et

23 1461 35 1488 s
65 1461 226 1492 devexum
247 1456 365 1490 collem
384 1455 560 1497 significat,
585 1464 728 1496 quaeque
751 1455 786 1485 in
806 1452 909 1485 latina
932 1464 1014 1486 voce
1037 1462 1195 1494 pronus
1217 1457 1355 1498 (πρανής
1369 1457 1421 1497 6))
1442 1458 1667 1499 perspicitur,
1691 1461 1736 1491 ita
1756 1468 1792 1493 ut

65 1518 241 1549 Praeneste
263 1515 397 1557 proprie
417 1512 538 1552 urbem⁴
554 1511 718 1555 significet
740 1511 776 1544 in
798 1508 974 1554 praecipiti
995 1509 1068 1544 Ioco
1088 1508 1273 1553 conditam,
1305 1511 1340 1545 id
1369 1513 1454 1555 quod
1491 1513 1559 1547 loci
1588 1521 1704 1549 natura
1733 1518 1789 1550 vel

107 1663 132 1700 1)
154 1663 238 1692 Solin
257 1664 313 1692 IX.
338 1661 501 1691 Praeneste
524 1667 557 1690 ut
585 1660 754 1690 zenodotus
780 1661 870 1690 refert
889 1669 905 1689 a
925 1660 1123 1689 Praenestene
1145 1658 1264 1697 Ulyssis
1291 1664 1416 1698 nepote,
1444 1660 1543 1690 Latini
1572 1662 1645 1691 filio.
1688 1662 1789 1700 Steph.

142 1714 217 1749 ByZ.
239 1722 262 1741 ε.
278 1723 307 1743 ν.
330 1713 366 1741 cf.
389 1713 463 1740 Dae.
484 1712 522 1740 ad
542 1712 627 1745 Paul.
649 1711 737 1740 Diae.
756 1719 781 1740 s,
804 1721 833 1740 V.
874 1727 912 1733 -
955 1706 982 1746 2)
1003 1710 1105 1748 parall.
1127 1709 1164 1738 41
1185 1709 1237 1745 (ed
1257 1711 1370 1738 Reiske
1388 1712 1449 1740 vu
1470 1722 1500 1748 p.
1523 1711 1607 1748 253).

104 1760 132 1798 ³)
151 1760 210 1797 gut
230 1760 406 1799 &eogtapbie
427 1752 485 1792 unb
506 1760 661 1798 &esebidyte
681 1767 736 1791 von
757 1758 966 1797 ἳίῐίςῧεαίὶεη.
1008 1756 1273 1799 ={tentiones1840.
1303 1761 1348 1788 111
1371 1771 1399 1798 p.
1424 1762 1471 1790 11.

105 1809 133 1847 ⁴)
155 1812 290 1842 Catonem
318 1811 436 1838 omnino
462 1812 567 1838 malum
595 1811 743 1838 nominum
772 1811 968 1838 ducendorum
996 1816 1142 1838 auctorem
1168 1810 1325 1844 extitisse,
1352 1816 1471 1848 apparet
1491 1821 1529 1839 ex
1550 1810 1635 1841 Serv.
1655 1813 1691 1840 ad
1710 1813 1785 1841 Aen.

141 1861 213 1895 XII,
236 1860 292 1890 134
311 1865 340 1889 et
359 1861 395 1888 ad
415 1861 454 1894 X,
479 1860 545 1890 184.
577 1849 666 1888 ⁴Male
688 1860 718 1887 in
732 1860 852 1888 Catonis
871 1854 1044 1888 sententiam
1063 1858 1216 1887 invehitur
1226 1860 1275 1888 W.
1290 1860 1376 1887 Gell:
1397 1861 1445 1888 the
1459 1862 1644 1898 topography
1655 1862 1687 1889 os
1697 1862 1788 1889 Rome

142 1912 197 1939 and
219 1912 257 1940 its
280 1911 418 1948 vicini‘ty.
443 1911 566 1939 Londou
587 1911 674 1941 1834.
696 1911 737 1945 11,
761 1910 832 1940 179:
854 1911 905 1939 but
933 1911 993 1939 this
1014 1906 1181 1938 derivation
1200 1917 1293 1938 seems
1313 1910 1447 1938 fancisul:
1476 1911 1522 1938 sor
1542 1911 1654 1947 though
1675 1912 1723 1939 the
1743 1911 1787 1939 ci-

142 1962 220 1989 tadel
240 1963 273 1989 of
289 1962 447 1990 Praeneste
468 1961 494 1989 is
515 1961 682 1998 singularly
703 1961 846 1996 elevated‚
866 1967 917 1998 yet
935 1962 985 1988 the
1001 1959 1165 1988 mountains
1177 1960 1287 1988 behind
1299 1969 1349 1989 are
1369 1970 1402 1989 so
1414 1962 1499 1998 losty,
1522 1962 1583 1990 that
1595 1962 1677 1990 there
1690 1963 1789 1991 rather

141 2019 209 2048 may
230 2013 267 2040 be
287 2011 353 2040 said
375 2015 405 2039 to
423 2011 570 2039 command
585 2011 760 2040 Praeneste!
801 2011 941 2041 Verrium
961 2011 1095 2038 Flaccum
1115 2010 1168 2036 hac
1189 2009 1221 2036 in
1243 2019 1275 2037 re
1297 2011 1407 2039 Catone
1425 2020 1482 2039 non
1501 2012 1665 2039 feliciorem
1685 2012 1787 2046 fuisse,

143 2063 313 2097 comprobat
333 2061 449 2089 Gellius
470 2071 498 2089 n.
519 2070 544 2090 a.
567 2063 653 2096 XVI,
676 2062 723 2096 14,
743 2062 762 2091 3
782 2062 833 2090 ubi
855 2071 919 2089 eum
939 2069 1039 2089 vocem
1060 2059 1219 2087 festinandi
1238 2068 1256 2087 a
1275 2060 1362 2088 fando
1384 2061 1507 2089 duxisse
1526 2061 1663 2097 legimus.

105 2108 133 2145 ⁵)
154 2111 191 2139 cs.
221 2120 249 2139 n.
278 2110 310 2150 β)
338 2117 366 2139 et
393 2111 545 2139 scholiast.
567 2112 604 2139 ad
634 2112 739 2140 Juven.
768 2110 831 2146 111,
854 2112 910 2141 190
931 2119 978 2148 ap.-
999 2111 1084 2138 Jahn.
1106 2109 1221 2145 proleg.
1243 2110 1279 2137 ad
1300 2110 1372 2140 cus.
1395 2121 1424 2148 p.
1444 2112 1543 2140 CH:
1569 2112 1729 2141 Praeneste
1748 2126 1786 2133 —·

142 2159 255 2187 dicitur
274 2169 291 2188 a
310 2166 401 2198 potoy
422 2161 494 2197 pinu
514 2158 599 2199 (ἀπὸ
613 2163 677 2192 τοῦ
690 2162 823 2207 πρίνου)
847 2162 868 2192 i.
891 2171 918 2191 e.
938 2162 974 2190 ab
996 2160 1129 2194 ilicibus,
1149 2160 1201 2195 qui
1222 2159 1268 2188 ibi
1287 2161 1446 2191 abundant.
1487 2163 1543 2191 Est
1559 2162 1636 2191 enim
1655 2163 1718 2191 ilex
1739 2169 1785 2189 ar-

140 2212 196 2240 bor
217 2212 381 2249 glandifera
399 2219 429 2243 et
445 2214 556 2243 dicitur
574 2215 606 2243 in
624 2225 730 2252 graeco
749 2216 858 2255 pinos“
877 2225 907 2252 q.
927 2225 953 2245 s·
1127 2220 1129 2223 “

105 2258 132 2298 ⁶)
152 2262 245 2292 Dion.
269 2264 336 2293 Hal.
358 2274 387 2301 p.
411 2264 477 2295 163.
499 2265 567 2295 494.
589 2278 629 2288 —·
