2208 2709
1167 7 1220 46 25

319 136 413 167 nium
441 134 526 175 apud
547 121 659 164 TVa'ler.
682 130 773 163 Max.
792 129 827 171 Ἰ,
852 131 873 163 3
889 128 927 171 ¹).
947 121 950 123 v
976 127 1065 169 Quid
1090 128 1179 170 quod·
1197 128 1236 160 ah
1261 127 1323 160 illo
1334 132 1481 171 tempore
1502 123 1712 165 Praenestini
1732 132 1812 165 item
1836 133 1874 166 in
1894 132 2056 168 Romano.

320 203 393 226 rum
417 189 593 222 ordinibus
616 199 687 221 sese
708 189 863 220 exhibent
883 186 997 217 socios.
1043 185 1154 226 Atque
1180 185 1323 227 insignis
1346 197 1459 219 eorum
1478 189 1601 220 mentio
1625 190 1663 221 fit
1683 190 1720 221 in
1740 188 1828 221 bello
1858 192 1981 231 punico
2005 202 2057 224 se-

323 249 441 282 cundo.
488 247 576 280 Nam
598 245 771 287 quingenti
788 243 994 284 septuaginta
1013 234 1223 275 Praenestini
1243 236 1310 276 non
1333 245 1480 277 confecto
1499 245 1539 277 ad
1561 245 1648 277 diem
1665 247 1805 288 delectu,
1827 257 1921 289 quem
1936 249 2058 282 Fabius

321 308 488 341 Maximus
513 304 654 336 dictator
678 313 717 334 ex
739 301 842 334 sociis
865 311 992 343 quoque
1015 301 1204 343 scripserat,
1217 300 1245 343 ²)
1281 303 1388 335 serius
1418 302 1593 336 Praeneste
1623 303 1764 345 profecti
1794 300 1972 346 ad'famam
1994 307 2059 340 iam

324 350 514 399 commissae
536 372 662 403 pugnae
686 361 869 393 Cannensis
887 371 950 393 una
973 369 1046 391 cum
1071 359 1231 392 Perusina
1254 361 1386 393 cohorte
1410 360 1552 394 Casilini
1571 361 1607 394 ln
1634 362 1770 394 castello
1795 364 1833 396 ad
1853 364 2058 398 Vulturnum

323 425 389 456 'sito
412 432 472 464 per
494 421 575 452 duos
600 419 670 450 fere
690 425 792 451 annos
807 418 1129 450 vehementissimam
1143 418 1340 450 Hannibalis
1357 420 1627 461 expugnationem
1645 421 1874 452 sustinuerunt
1885 432 1970 454 anno
1982 424 2057 457 538.

323 465 440 515 Armis
464 477 647 520 expugnari
670 487 735 507 non
755 481 926 518 poterant,
958 486 976 507 a
1001 475 1189 517 proditione
1214 476 1335 508 incolis
1364 477 1537 509 trucidatis
1560 478 1625 519 ipsi
1649 478 1716 509 sibi
1740 482 1914 519 caverant,
1945 479 2060 512 samem

323 548 451 581 quoque
474 536 728 574 sustinuerunt,
751 536 903 575 quamvis
925 544 962 565 eo
984 538 1119 564 ventum
1142 538 1239 574 esset,
1263 539 1301 565 ut
1320 535 1451 567 nuculis
1476 535 1559 567 fusis
1581 545 1599 567 a
1622 536 1768 567 romanis
1786 537 1904 568 castris
1922 541 1956 569 et
1973 538 2060 570 Vul-

325 601 426 628 turno
449 595 488 626 ad
507 592 686 625 'castellum
709 592 822 623 missis
847 592 986 632 aliisque
1008 590 1106 622 rebus
1129 590 1258 623 vilibus
1275 593 1381 624 vitam
1404 593 1580 626 traherent.
1626 593 1832 626 Postremum
1856 595 1919 627 fide
1936 595 2009 627 data
2027 601 2061 627 et

324 654 470 695 pretium
491 662 556 692 quo
582 650 825 681 redimerentur
849 649 936 689 pacti
957 648 1142 679 Casilinum
1165 648 1345 680 Hannibali
1363 651 1570 682 tradiderunt
1585 656 1616 683 et
1630 651 1811 683 incolumes
1826 663 1898 683 cum
1914 653 2060 684 Manicio

324 714 475 754 praetore
500 708 531 740 h.
557 717 583 739 e.
605 705 771 748 praefecto
791 706 938 738 cohortis
960 705 1106 746 socialis,
1132 705 1306 738 Praeneste
1330 707 1499 739 redierunt
1510 708 1549 748 ³).
1595 709 1675 741 Sera
1698 709 1840 741 Casilini
1863 710 2059 752 expugnatio

326 769 471 810 primum
494 764 694 797 Hannibalis
713 764 749 794 in
772 763 859 794 bello
882 774 954 794 cum
979 763 1133 794 Romanis
1152 769 1222 795 erat
1241 765 1459 797 calamitatum
1484 767 1628 800 initium.
1673 767 1853 799 Civitatem
1871 767 2058 808 Romanam,

326 825 481 868 quamvis
504 822 611 855 oblata
635 825 732 859 esset,
752 819 961 851 Praenestini
984 819 1041 850 illi
1067 820 1310 862 reiecerunss),
1335 822 1409 853 sive
1429 824 1562 854 omuino
1596 824 1768 855 civitatem
1800 825 1894 856 urbis
1922 825 2060 857 infestae

326 884 536 923 respuerunt,
560 879 634 910 sive
657 889 723 909 non
748 878 900 908 omnibus
923 877 1148 908 Praenestinis
1171 887 1238 908 eam
1261 878 1401 910 oblatam
1424 890 1492 911 esse
1524 891 1618 922 aegre
1637 881 1806 921 tulerunt,
1834 883 1920 914 unde
1943 883 2059 914 certis-

328 940 410 972 sime
440 937 646 978 intelligitur
675 935 908 968 Praenestinos
931 934 1111 965 etiamtunc
1141 944 1207 966 non
1236 936 1436 978 municipes,
1459 937 1515 970 sed
1550 939 1657 971 socios
1682 938 1902 971 Romanorum
1929 939 2060 972 foedere

326 998 458 1029 iunctos
479 996 590 1027 fuisse.

458 1052 498 1083 In
529 1052 709 1083 enarranda
733 1051 877 1083 Casilini
907 1050 1161 1092 expugnationis
1184 1051 1323 1083 historia
1347 1052 1530 1094 complures
1560 1057 1593 1084 et
1623 1058 1774 1086 veterum
1807 1055 2007 1096 scriptorum
2027 1060 2060 1086 et

327 1113 480 1144 virorum
505 1111 675 1143 doctorum
699 1120 827 1142 errores
849 1109 1104 1150 perspiciuntur.
1151 1109 1258 1141 Silius
1281 1110 1417 1142 Italicus
1437 1111 1483 1151 (d.
1510 1111 1541 1144 b.
1565 1111 1602 1143 P.
1622 1112 1689 1153 111,
1714 1112 1749 1153 8)
1772 1114 1899 1154 primus
1919 1113 2059 1144 Praene-

328 1170 434 1200 stinos
459 1169 538 1199 illos
562 1169 659 1198 etiam
680 1168 715 1198 in
740 1167 906 1198 Cannensi
925 1166 1054 1207 proelio
1084 1171 1198 1197 contra
1221 1167 1438 1198 Hannibalem
1468 1173 1651 1209 pugnantes
1676 1170 1773 1209 facit,
1808 1170 1892 1201 haud
1926 1171 2060 1211 ignarus

330 1226 473 1258 Casilini
496 1225 722 1265 defensionis,
754 1236 828 1255 nam
860 1224 1018 1255 ncasilina
1044 1224 1161 1255 limina
1184 1225 1251 1255 sibi
1274 1235 1482 1257 reservasseu
1507 1226 1724 1259 Hannibalem
1746 1227 1835 1258 canit
1848 1227 1886 1268 ⁵).
1931 1228 2060 1259 Deinde

328 1284 414 1324 quod
439 1284 491 1314 ius
510 1283 660 1314 civitatis
684 1282 756 1312 illis
780 1282 1006 1313 Praenestinis
1031 1292 1048 1313 a
1070 1281 1226 1313 Romanis
1246 1282 1391 1313 oblatum
1412 1287 1472 1323 est,
1496 1286 1648 1326 quamvis
1669 1284 1756 1316 idem
1777 1283 1961 1321 abnuerint,
1979 1285 2060 1315 Sua-

328 1341 438 1372 resius
458 1351 486 1371 c.
511 1339 584 1371 XX
607 1339 684 1369 inde
705 1342 827 1368 temere
851 1338 1011 1378 colligit,
1036 1343 1111 1379 post
1132 1339 1256 1369 bellum
1276 1341 1434 1380 punicum
1463 1340 1639 1372 secundum
1660 1351 1676 1371 a
1698 1340 1854 1370 Romanis
1886 1341 2060 1372 Praeneste

329 1396 493 1428 coloniam
523 1392 691 1425 deductam
722 1399 801 1422 esse.
846 1394 934 1429 Quid
964 1395 1049 1431 quod
1075 1395 1214 1422 Camoni
1230 1398 1257 1431 ε)
1281 1397 1465 1432 superbiam
1488 1391 1800 1434 Praenestinorum,
1831 1406 1911 1436 quae
1938 1398 2060 1437 passim

328 1453 489 1494 carpitur,
515 1460 554 1482 ex
577 1458 686 1481 amore
705 1448 833 1479 civium
856 1451 889 1478 et
906 1448 1032 1488 patriae
1052 1447 1160 1488 legum
1184 1447 1478 1489 institutorumque
1495 1450 1525 1490 ⁷)
1547 1450 1681 1482 deducit
1701 1456 1733 1482 et
1755 1451 1871 1484 Mieali
1882 1453 1911 1495 8)
1928 1455 2059 1487 eandem

372 1563 398 1601 1)
435 1562 583 1591 »Lutatius
604 1575 644 1580 —
664 1569 680 1587 a
700 1565 800 1588 senatu
822 1559 992 1596 prohibitus
1013 1563 1057 1585 est
1076 1562 1170 1585 sortes
1190 1557 1335 1586 Fortunae
1355 1559 1565 1588 Praenestinae
1583 1561 1681 1589 adire:
1708 1563 1852 1599 auspiciis
1879 1565 1975 1594 enim
1997 1576 2059 1604 pa-

410 1612 510 1642 triis
538 1620 607 1639 non
636 1608 883 1644 alienigenis
905 1608 1112 1644 rempublicam
1134 1608 1333 1636 administrari
1356 1615 1493 1646 oportere
1515 1610 1712 1641 iudicabant«.
1736 1613 1781 1643 Cf.
1796 1614 1864 1644 Chr.
1882 1615 2023 1646 Mulier-1,
2037 1618 2056 1646 ι,

407 1664 421 1690 1
445 1673 472 1698 p.
495 1661 564 1690 384.
606 1660 766 1687 Ambrosch
786 1660 806 1687 l.
830 1660 849 1688 1.
873 1668 901 1695 p.
929 1659 1002 1691 1845
1025 1657 1090 1686 185.
1131 1672 1170 1678 —
1213 1657 1239 1692 2)
1260 1659 1329 1687 Liv.
1350 1660 1448 1693 XXII,
1471 1661 1517 1688 ll.

369 1711 398 1750 3)
419 1712 487 1740 Liv.
511 1710 625 1742 ΠΠΙ,
651 1708 764 1738 17-19.
794 1709 898 1736 Festus
917 1713 945 1735 et
966 1708 1001 1736 P.
1025 1707 1111 1735 Diae.
1133 1715 1157 1736 s.
1179 1717 1206 1734 v.
1229 1709 1360 1738 miculae.
1403 1709 1482 1738 Vell.
1505 1709 1620 1740 Patere.
1635 1711 1675 1746 11,
1695 1712 1744 1741 51.
1775 1713 1876 1742 valer.
1889 1714 1970 1745 Max.
1987 1716 2057 1751 VII,

407 1763 436 1797 6,
458 1762 486 1792 3.
516 1760 621 1789 Strabo
642 1760 682 1793 V,
705 1758 770 1792 165,
791 1758 857 1787 alii.
900 1759 948 1786 De
975 1766 1094 1786 numero
1113 1757 1371 1787 Praenestinorum
1393 1769 1449 1788 non
1476 1761 1574 1789 eadem
1596 1767 1641 1790 est
1661 1762 1807 1791 sententia
1834 1765 1959 1794 omnium
1985 1768 2058 1795 scri·

406 1818 531 1849 ptorum.
573 1809 680 1837 Livius
701 1813 796 1836 narrat
818 1807 933 1835 DLxx
954 1807 1056 1840 fuisse,
1077 1807 1183 1835 Strabo
1206 1808 1308 1842 DXL;
1330 1809 1430 1838 Valer.
1447 1809 1541 1844 Max„
1563 1811 1615 1845 qui
1638 1812 1711 1839 CCC
1727 1812 1818 1840 fuisse
1839 1814 1939 1849 tradit,
1961 1816 1997 1843 de
2018 1817 2058 1845 iis

408 1861 461 1896 qui
477 1859 636 1887 incolumes
649 1858 809 1885 Praeneste
827 1857 980 1885 redierunt
998 1856 1145 1892 cogitasse
1163 1857 1281 1885 videtur
1297 1859 1332 1888 cf.
1352 1858 1420 1889 Liv.
1440 1860 1561 1895 xxm,
1585 1861 1630 1891 19.
1672 1862 1847 1897 Manicium,
1870 1864 1922 1899 qui
1942 1872 2058 1902 praetor

408 1911 571 1947 appellatur
588 1914 617 1936 et
637 1914 721 1935 antea
741 1908 837 1935 scriba
856 1908 959 1941 suerat,
978 1909 1032 1935 hoc
1054 1917 1171 1942 quoque
1192 1908 1256 1936 loco
1277 1918 1334 1936 non
1355 1919 1420 1937 esse
1442 1912 1642 1946 magistratum
1658 1913 1880 1941 Praenestinum
1901 1917 1952 1943 sed
1974 1926 2059 1954 pne·

407 1962 512 1988 fectum
534 1958 665 1985 cohortis
686 1957 820 1990 socialis,
843 1961 899 1985 non
921 1962 965 1985 est
984 1966 1037 1984 cur
1054 1959 1267 1993 comprobetur.
1290 1959 1335 1986 Cf.
1359 1960 1512 1989 Drakenb.
1534 1961 1570 1988 ad
1585 1962 1654 1991 Liv.
1668 1963 1722 1995 IX,
1743 1962 1789 1996 16,
1811 1963 1857 1991 16.

367 2008 396 2048 4)
416 2010 484 2039 Liv.
505 2008 620 2041 xxm,
643 2006 692 2041 20,
716 2008 742 2035 1.

367 2060 396 2097 ⁵)
418 2062 501 2088 Hunc
521 2067 649 2086 errorem
671 2058 832 2093 complures
854 2058 946 2086 veluti
976 2058 1094 2087 Petrini
1111 2061 1165 2087 sub
1179 2069 1243 2088 ann.
1267 2061 1326 2090 217
1338 2069 1364 2090 a.
1388 2060 1457 2089 Chr.
1479 2068 1587 2090 temere
1605 2062 1846 2099 divulgaverunt.

367 2109 395 2146 ⁶)
417 2108 518 2138 Storia
540 2109 570 2136 di
593 2108 736 2137 Palaestr.
758 2109 783 2141 1,
805 2109 824 2138 3
844 2118 874 2145 p.
897 2109 945 2137 22.
969 2109 1040 2144 (sec.
1061 2109 1180 2137 Bitschl
1201 2109 1290 2145 rhein.
1313 2109 1398 2147 imus.
1421 2112 1435 2139 1
1456 2121 1485 2148 p.
1507 2111 1591 2148 319).

366 2159 394 2197 ⁷)
414 2161 486 2189 Nam
508 2159 525 2186 d
536 2167 661 2186 uarum
681 2157 797 2185 urbium
818 2158 883 2186 iure
896 2158 1028 2187 civitatis
1049 2160 1093 2187 uti
1109 2160 1230 2187 vetitum
1243 2166 1305 2188 erat
1322 2161 1359 2190 cs.
1375 2161 1443 2190 Liv.
1457 2162 1478 2190 l.
1495 2162 1513 2189 l.
1529 2161 1691 2198 (civitatem
1704 2172 1761 2191 non
1784 2165 2054 2202 mutaverunt),

402 2210 467 2238 Cic.
492 2217 547 2246 pro
568 2207 687 2236 Caecin.
701 2208 740 2236 34
762 2208 850 2237 Corn.
872 2209 946 2245 Nep.
968 2209 1060 2238 Attic.
1083 2210 1121 2243 33
1143 2210 1175 2238 id
1195 2211 1276 2246 quod
1296 2212 1363 2248 lege
1383 2211 1463 2241 lulia
1482 2212 1571 2241 etim
1591 2219 1659 2242 tunc
1677 2212 1818 2242 sancitum
1837 2220 1892 2245 est,
1914 2215 1976 2246 Cic.
2001 2226 2055 2254 pro

401 2260 494 2288 Balbo
515 2259 602 2287 vlu.
644 2271 685 2280 -
726 2254 753 2293 8)
773 2258 859 2287 Italia
879 2268 908 2294 q.
929 2268 952 2287 s.
973 2260 1029 2294 lv,
1048 2260 1118 2294 307,
1138 2269 1166 2290 n.
1185 2261 1215 2290 2.
