2208 2709
1053 9 1103 51 29

215 135 360 169 tentavit
381 134 418 169 in
441 133 594 177 oppidum
615 130 741 167 milites
762 131 901 166 reduxit.
928 162 930 164 ,
947 131 1098 167 Tertium
1120 130 1281 164 Carbonis
1303 130 1484 163 exereitum
1507 137 1539 163 et
1559 132 1666 174 ipsum
1680 130 1813 164 Sullani
1836 142 1930 173 repu-

214 194 334 227 lerunt.
379 192 492 234 Itaque
514 190 729 232 Damasippus
751 202 824 224 cum
846 191 972 224 Marcio
996 196 1028 223 et
1052 190 1205 224 Carinate
1228 190 1360 224 Romam
1385 190 1488 231 ipsam
1510 191 1653 231 aggressi
1677 194 1774 230 sunt,
1799 194 1837 221 ut
1864 190 1932 226 Ma-

213 252 285 283 rius
302 250 475 282 obsidione
500 248 705 282 eximeretur.
751 249 814 281 Sed
839 249 921 281 male
947 254 1059 280 contra
1081 248 1206 279 Sullam
1225 249 1263 280 ad
1286 254 1413 289 portam
1437 248 1601 280 Collinam
1625 253 1829 288 pugnarunt:
1863 248 1931 279 Da-

211 309 375 350 masippus
397 307 492 338 illico
513 311 635 348 captus,
659 306 803 340 Marcius
822 312 854 339 et
877 307 1015 339 Carinas
1036 317 1053 338 e
1071 306 1146 348 suga
1165 307 1301 338 retracti
1326 312 1414 347 sunt,
1436 318 1573 349 quorum
1589 306 1694 348 capita
1713 304 1805 336 Sulla
1821 306 1932 338 victor

210 365 365 397 Lucretio
387 363 489 404 misit,
519 374 600 405 quae
626 364 713 395 circa
739 364 926 396 Praenestis
950 365 1077 395 moenia
1100 364 1391 395 circumferrentur
1404 364 1439 404 ¹).
1487 365 1575 404 Quae
1599 375 1697 404 quum
1719 363 1929 394 Praenestini

210 421 454 462 conspexissent
475 422 582 462 posita
600 432 656 462 spe
679 422 833 463 oppidum
859 421 1015 453 Lucretio
1039 421 1255 453 tradiderunt.
1302 422 1427 454 Marius
1462 423 1529 463 ipse
1561 421 1618 453 uhi
1649 432 1707 462 per
1739 421 1929 454 cuniculum

210 480 464 517 subterraneum,
486 489 654 519 erumpere
675 479 798 510 frustra
824 484 957 510 conatus
977 484 1027 510 est
1046 484 1182 510 mortem
1211 479 1294 510 obiit
1307 480 1344 520 2).
1391 480 1550 519 Quamvis
1580 479 1752 510 Praeneste
1772 480 1927 519 oppidum

207 546 266 577 per
286 536 485 568 deditionem
508 541 633 576 captum
657 541 754 576 esset,
781 540 886 567 tamen
908 546 1017 568 omnes
1040 536 1204 568 Marianae
1226 536 1379 567 factionis
1402 542 1566 567 senatores
1587 541 1642 566 aut
1665 535 1758 567 illico
1775 542 1830 567 aut
1853 542 1926 577 post

207 594 384 626 adventurn
407 592 519 624 Sullae
539 593 643 624 occisi
662 598 747 624 sunt.
794 593 887 624 Sulla
909 594 998 634 ipse,
1019 595 1076 635 qui
1100 594 1207 625 edicto
1229 604 1264 624 se
1282 594 1425 625 Felicem
1446 593 1624 634 appellavit
1637 595 1685 632 ³),
1711 605 1819 624 omnes
1843 605 1923 634 quos

207 650 380 683 Praeneste
403 649 534 682 invenit
554 650 649 681 viros
676 651 817 682 inermes
839 650 873 682 in
896 662 1040 692 campum
1062 651 1194 692 prodire
1217 651 1316 682 iussit
1335 656 1366 682 et
1394 651 1505 692 paucis
1527 650 1677 690 selectis,
1714 661 1794 691 quos
1824 650 1923 682 utiles

204 708 271 740 sibi
292 707 362 739 fore
384 708 600 748 existimaret,
627 708 771 750 reliquos
793 708 956 741 trifariam
976 709 1119 741 divisit:
1141 708 1295 741 Romanis
1316 710 1446 741 veniam
1458 709 1557 749 dedit,
1581 708 1744 740 Samnites
1761 714 1866 741 autem
1890 713 1923 740 et

204 765 414 797 Praenestini
441 767 509 797 fere
533 776 644 797 omnes
667 766 785 797 iaculis
810 767 1054 808 configebantur
1064 767 1102 806 4).
1149 767 1334 808 Oppidum,
1367 767 1450 807 quod
1479 768 1654 798 etiamtunc
1684 767 1819 797 maxime
1850 777 1921 798 sor-

206 823 295 854 tibus
318 827 350 854 et
371 822 504 854 oraculo
529 828 561 854 et
582 823 745 854 Fortunae
769 823 882 864 templi
906 824 1123 855 celebratione
1142 824 1423 865 opulentissimum
1448 829 1528 864 erat,
1553 823 1644 854 Sulla
1670 833 1805 863 prorsus
1836 824 1920 854 diri-

202 880 276 920 puit
286 881 325 921 ⁵).
379 880 533 921 Magnum
556 880 628 911 auri
653 885 684 911 et
714 881 842 920 argenti
862 882 986 921 pondus
1014 882 1049 913 in
1071 882 1236 922 tri‘urnpho
1258 882 1388 912 Romam
1412 881 1605 921 transtulit,
1636 880 1719 922 quod
1744 881 1917 912 secundum

201 936 341 978 Appian.
355 936 377 968 l.
392 937 414 968 l.
440 937 609 971 maximam
632 941 756 977 partem
772 937 944 970 Praeneste
964 949 1004 970 ex
1028 939 1146 979 oppido
1170 939 1330 979 direptum
1353 937 1452 969 fuisse
1465 943 1709 970 consentaneum
1726 942 1785 974 est,
1806 948 1918 978 quam-

200 994 257 1025 vis
279 993 412 1025 Plinius
424 994 453 1034 ⁶)
487 1004 580 1025 omne
604 993 689 1025 illud
711 1004 825 1026 aurum
847 1000 879 1026 et
904 1000 1070 1037 argentum
1093 1007 1110 1027 a
1131 997 1237 1027 Mario
1259 996 1430 1027 Praeneste
1454 996 1487 1026 in
1508 995 1660 1036 oppidum
1684 1005 1722 1026 ex
1752 994 1919 1035 Capitolio

201 1050 320 1082 Romae
343 1055 435 1082 antea
456 1050 598 1082 delatum
621 1062 692 1083 esse
715 1056 838 1085 narret.
861 1072 904 1078 -

245 1192 271 1229 1)
293 1193 371 1222 Quid
392 1194 572 1231 Damasippo
593 1195 696 1223 sactum
718 1196 758 1223 sit
778 1196 930 1233 Appianus
958 1204 1015 1223 non
1036 1195 1134 1225 refert.
1175 1195 1237 1223 Dio
1257 1196 1338 1225 Cass.
1352 1196 1386 1225 sr.
1410 1194 1485 1231 peir.
1506 1204 1535 1231 p.
1556 1193 1630 1223 657:
1658 1188 1765 1218 τῦῗτθ
1783 1186 1839 1228 μὲν
1858 1185 1920 1231 γὰρ

277 1242 459 1286 αὐθημερὸν
482 1243 544 1280 τὰς
567 1244 713 1286 κεφαλὰς
734 1247 797 1275 τοῦ
822 1257 861 1276 τε
884 1244 1114 1286 Δαμασίππου
1143 1245 1197 1275 καὶ
1225 1246 1292 1277 τῶν
1319 1245 1607 1283 συνεξεταθέντων
1634 1241 1714 1284 πρὸς
1745 1241 1789 1271 τὸ
1819 1243 1920 1283 Πραι-

275 1297 373 1328 νέστε
395 1297 524 1338 πέμψας
544 1296 810 1331 ἀνεσκολόπισεν.

240 1345 267 1384 ²)
288 1351 447 1376 Auctorum
468 1351 505 1375 de
525 1357 618 1376 morte
644 1352 734 1379 Marii
756 1353 816 1380 iun.
841 1351 1065 1387 discrepantiam
1087 1351 1142 1377 iam
1168 1351 1249 1378 Veu.
1271 1351 1390 1378 Patere.
1409 1352 1458 1382 11,
1479 1350 1533 1382 27,
1555 1349 1574 1377 5
1601 1349 1767 1379 adnotavit;
1797 1348 1920 1374 Marium

274 1406 339 1426 sese
361 1397 454 1434 ipsum
475 1405 592 1424 necasse
613 1401 708 1423 narrat
733 1395 812 1422 Plut.
835 1395 907 1423 Mar.
932 1396 986 1427 46;
1015 1398 1102 1431 Syna
1119 1399 1158 1423 ³2
1179 1402 1207 1421 et
1224 1398 1351 1430 Appian.
1373 1397 1392 1423 l.
1417 1396 1437 1422 l.
1459 1390 1507 1423 94'.
1550 1396 1674 1430 Eutrop.
1695 1394 1733 1427 V,
1755 1394 1774 1423 8
1795 1400 1917 1423 tantum:

275 1450 385 1487 (Sulla)
413 1451 449 1477 ad
478 1455 596 1477 mortem
625 1458 688 1476 eum
715 1449 872 1484 compulit3
908 1448 937 1475 in
965 1448 1030 1484 ipso
1056 1447 1191 1474 cuniculo
1219 1456 1282 1474 eum
1310 1448 1438 1483 periisse
1467 1447 1555 1475 tradit
1581 1447 1686 1475 Strabo
1715 1448 1753 1480 V,
1786 1448 1841 1476 165
1875 1443 1920 1477 ὧν

276 1498 407 1541 (ἐξόδων
426 1498 612 1542 λαθραίων)
635 1498 667 1529 ἐν
687 1499 745 1539 μιᾷ
770 1496 898 1540 Μάριος
920 1495 1191 1537 πολιορκούμενος
1217 1496 1403 1535 ἀπέθανενς
1431 1509 1516 1534 quum
1545 1509 1561 1527 e
1587 1500 1722 1527 cuniculo
1749 1501 1916 1529 emersisset

280 1564 312 1583 »a
331 1553 489 1590 dispositis
511 1554 540 1581 in
563 1553 593 1580 id
613 1553 707 1589 ipsum
730 1553 930 1588 interemptum
948 1558 1026 1579 esse«
1053 1551 1133 1579 Vell.
1156 1551 1270 1578 Paterc-
1294 1552 1332 1584 11,
1345 1552 1394 1585 27,
1407 1551 1440 1583 6;
1464 1556 1570 1578 tentata
1591 1560 1644 1586 per
1663 1551 1827 1578 cuniculum
1848 1553 1915 1586 suga

275 1614 338 1631 cum
357 1603 453 1630 omnia
473 1609 555 1638 septa
577 1602 725 1629 intellexit
750 1602 950 1636 »iugulandum
969 1610 1000 1627 se
1021 1601 1130 1628 Pontio
1151 1601 1290 1627 Telesino
1319 1600 1439 1634 (minori
1462 1601 1538 1627 enim
1560 1601 1639 1628 Veli.
1662 1601 1728 1628 Par.
1751 1602 1791 1633 11,
1813 1602 1860 1633 27,
1883 1602 1915 1636 5)

273 1652 458 1690 praebuisse«
485 1652 587 1679 Aurei.
610 1651 690 1680 Vict.
705 1651 741 1679 de
763 1661 789 1680 v.
806 1651 849 1678 ill.
863 1650 911 1683 68,
925 1650 963 1683 33
984 1658 1046 1677 cum
1068 1649 1168 1677 eodem
1190 1650 1275 1684 fugae
1296 1650 1401 1677 comite
1428 1649 1545 1678 »stricto
1567 1649 1710 1683 utrimque
1731 1650 1830 1684 gladio
1846 1659 1915 1678 con-

273 1703 410 1737 currisse,
432 1712 515 1738 quem
537 1711 622 1737 quum
644 1702 803 1730 occidisset
823 1701 951 1729 saucium
971 1709 987 1728 a
1008 1709 1092 1728 servo
1113 1700 1281 1737 impetrasse
1302 1706 1333 1728 ut
1354 1709 1384 1728 se
1403 1700 1565 1728 occideret·
1591 1699 1656 1728 Val.
1681 1700 1761 1729 Max.
1784 1700 1811 1734 6,
1834 1701 1861 1735 8,
1881 1702 1910 1730 2.

272 1755 359 1781 Oros.
381 1754 421 1784 V,
441 1753 490 1784 21,
509 1752 577 1779 Liv.
599 1752 671 1787 epit.
693 1753 745 1784 885
768 1760 784 1778 a
804 1761 888 1779 servo
911 1751 1092 1777 interfectum
1113 1751 1204 1778 Diod.
1225 1750 1286 1778 Sic.
1309 1760 1374 1777 exc.
1390 1751 1437 1782 37,
1457 1751 1485 1779 2.
1528 1750 1629 1783 Itaque
1652 1750 1713 1777 fere
1731 1760 1829 1778 omnes
1844 1760 1911 1778 con-

273 1803 400 1840 sentiunt
418 1801 543 1829 Marium
565 1810 617 1837 per
637 1800 802 1828 cuniculum
823 1801 953 1835 effugere
972 1805 1109 1828 tentasse.
1162 1787 1169 1793 l

235 1851 263 1889 ³)
287 1854 387 1882 Aurei.
410 1853 492 1881 Vict.
512 1853 549 1878 de
569 1862 596 1879 v.
620 1851 663 1881 ill.
684 1852 732 1884 75,
754 1852 784 1880 9.
823 1851 927 1878 Florus
948 1852 1004 1882 111,
1025 1851 1074 1883 21,
1093 1851 1142 1879 23.
1182 1850 1310 1878 Diodor.
1329 1860 1395 1879 exc.
1416 1851 1576 1884 XXXVII,
1597 1852 1627 1879 2.

235 1900 263 1938 ⁴)
284 1902 410 1938 Appian.
432 1901 482 1930 1.1.
503 1900 542 1929 94
562 1901 659 1927 cinnes
682 1900 889 1927 Praenestinos
911 1899 1078 1926 interfectos
1101 1906 1165 1925 esse
1186 1904 1290 1931 narrat,
1312 1899 1360 1925 cui
1382 1899 1469 1926 addas
1490 1899 1598 1926 Lucan.
1620 1900 1714 1934 phars.
1738 1899 1786 1932 11,
1807 1899 1862 1928 193
1883 1906 1911 1926 et

271 1951 428 1988 Angustia.
449 1951 485 1980 de
506 1949 590 1980 civit.
614 1949 663 1978 dei
684 1949 724 1984 11,
744 1950 782 1980 28
801 1955 868 1978 tom.
887 1949 917 1979 V
937 1949 993 1978 col.
1016 1948 1074 1978 208
1094 1948 1111 1976 d
1133 1947 1204 1977 edit.
1227 1948 1317 1977 Basil.
1343 1949 1429 1978 1543.
1470 1949 1514 1977 Cf.
1537 1949 1598 1977 Dio
1620 1949 1698 1978 Cass.
1722 1949 1758 1978 fr.
1781 1949 1856 1986 peir.
1880 1959 1909 1986 p.

272 2002 342 2031 657.
382 2002 450 2030 Val.
470 2002 551 2028 Max.
571 2001 625 2033 IX,
648 2001 694 2033 12,
717 2001 744 2028 1.
785 2001 832 2027 De
854 2009 910 2027 uno
932 1999 1048 2034 hospite
1066 1998 1182 2032 Sullae,
1212 1999 1263 2033 qui
1293 1999 1519 2027 incolumitatem
1548 2000 1625 2026 ritae
1653 2000 1834 2036 repudiavit,
1873 2001 1908 2026 cs.

274 2051 358 2081 Plut.
380 2050 462 2079 Sulla
481 2050 520 2080 39
540 2055 569 2078 et
588 2050 690 2079 moral.
709 2048 770 2087 (ed.
791 2048 844 2086 R.)
865 2049 900 2078 Τ.
923 2049 967 2078 lx
986 2057 1016 2086 p.
1037 2048 1107 2077 249.

238 2099 252 2121 ⁵
287 2101 313 2128 A
359 2101 405 2128 ian
426 2102 446 2129 l.
466 2101 487 2129 l.

237 2100 265 2185 ⁶3
284 2110 362 2179 inpii).
385 2150 529 2182 XXXIII,
552 2150 577 2181 l,
594 2149 623 2177 5.
665 2149 831 2177 Harduinus
851 2150 885 2176 ad
907 2150 928 2178 l.
943 2150 964 2178 l.
986 2149 1074 2176 multa
1090 2149 1232 2176 fabulatus
1254 2153 1298 2175 est
1317 2149 1354 2176 de
1374 2148 1480 2183 signis,
1501 2157 1573 2183 quae
1594 2154 1623 2177 et
1645 2148 1710 2185 ipsa
1724 2148 1804 2176 Sulla
1818 2149 1910 2176 Prae·

273 2205 354 2228 ueste
374 2199 492 2227 Romam
510 2197 727 2235 transtulisset,
749 2199 784 2227 ad
806 2208 888 2234 quam
909 2198 1077 2236 opinionem
1098 2198 1335 2235 comprobandam
1357 2198 1486 2227 laudavit
1512 2199 1627 2228 Victor.
1649 2199 1685 2226 de
1706 2198 1820 2234 region.
1844 2200 1908 2226 urb.

272 2251 356 2279 Rom.
379 2251 465 2283 vul,
488 2250 538 2278 ubi
557 2249 725 2283 disseritur,
752 2250 802 2278 »de
817 2250 898 2277 Iovis
918 2249 1003 2285 signo
1024 2249 1183 2277 Praeneste
1200 2250 1351 2277 devecto«.
1393 2249 1518 2277 Scilicet
1530 2249 1696 2277 narduinus
1716 2249 1835 2284 ignarus
1850 2256 1909 2276 crat
