2208 2709
1195 23 1221 62 8

340 144 480 175 maxime
503 142 746 174 commendatur
759 143 796 184 ¹).
835 143 1093 184 Antiquissimis
1113 144 1315 185 temporibus
1333 143 1507 175 Praeneste
1524 143 1592 175 alio
1612 143 1743 176 nomine
1760 143 1959 185 appellat—nm
1978 145 2082 178 fixisse

342 204 627 239 commemoratur,
653 199 688 230 id
710 200 795 240 quod
818 200 857 231 de
880 200 1107 240 compluribus
1129 200 1248 232 Italiae
1270 201 1408 232 urbibus
1432 199 1663 241 contenditur,
1691 200 1801 233 veluti
1823 200 1944 234 Romae
1975 202 2082 243 ipsius

342 256 397 286 vel
417 257 587 288 vetustius
610 255 666 286 vel
690 255 837 286 sanctius
860 266 979 287 nomen
1002 257 1188 289 exhibetur.
1233 258 1407 288 Praeneste
1430 257 1591 297 Stephane
1609 258 1771 297 quondam
1789 257 1987 299 appellatum
2009 267 2080 290 esse

341 313 443 344 tradit
464 313 607 351 Plinius,
634 316 666 342 et
690 311 812 343 Strabo
830 312 987 354 oppidum
1009 315 1280 355 Πολκυστέφανον
1299 314 1483 354 antiquitus
1504 314 1625 344 dictum
1649 323 1720 344 esse
1740 319 1853 346 narrat
1863 313 1901 354 ²).
1945 313 2073 346 Verum

342 369 402 400 hoc
423 379 540 401 nomen
564 379 668 409 neque
688 369 836 401 sanctius
858 375 914 401 aut
936 370 1071 402 solenne
1091 372 1177 412 fuit,
1194 382 1297 412 neque
1320 372 1396 412 quia
1419 371 1572 402 conditor
1594 371 1687 402 urbis
1712 370 1838 402 incolas
1862 371 1953 402 ilicis
1973 372 2074 402 ramis

341 431 512 457 coronatos
535 426 724 466 invenerat,
746 427 902 468 oppidum
929 428 975 458 ita
996 428 1191 470 appellatum
1215 433 1274 467 est,
1305 428 1359 459 sed
1383 432 1518 468 propter
1534 427 1661 459 moenia
1683 431 1715 459 et
1736 431 1856 467 turres,
1881 428 2001 468 quibus
2015 437 2075 459 arx
2114 451 2115 454 η

342 488 408 514 erat
434 482 558 513 munita
583 487 617 514 et
636 483 745 515 cincta
756 485 806 523 ³);
833 495 937 526 neque
960 496 1076 517 nomen
1100 486 1271 526 proprium
1295 485 1397 516 fuisse
1421 485 1570 524 videtur,
1593 485 1649 517 sed
1669 485 1868 523 adjectivum
1890 484 1947 515 vel
1966 485 2077 525 potius

338 539 614 579 praedicativum.
659 540 789 573 Nomen
811 541 1047 582 Palaestrinae,
1072 552 1134 583 quo
1157 546 1267 573 nostra
1291 547 1395 574 aetate
1414 541 1591 573 Praeneste
1617 541 1772 582 oppidum
1797 540 1991 584 appellatur,
2016 552 2079 583 qua
2114 544 2115 547 ’

338 596 376 627 de
406 608 440 627 re
473 608 639 639 nunquam
669 598 854 632 dubitatum
884 604 952 641 est,
985 600 1127 642 primum
1162 598 1286 640 legitur
1321 600 1356 630 in
1386 599 1497 631 codice
1526 598 1677 631 Far-sensi
1708 599 1747 631 de
1778 599 1946 632 beneficiis
1973 599 2078 641 regiis
2118 602 2119 605 ’

338 664 412 685 ann.
434 655 499 688 873
528 666 558 696 p.
583 656 660 689 Chr.
674 656 702 696 ⁴)

337 1037 403 1096 In
429 1066 644 1098 describenda
665 1067 882 1109 topographia
902 1065 1062 1108 optimum
1079 1066 1192 1098 visum
1217 1071 1277 1106 est,
1303 1065 1386 1098 hanc
1407 1070 1518 1098 tenere
1533 1066 1715 1099 rationem:
1740 1067 1798 1109 qui
1816 1066 1963 1109 singulas
1975 1065 2075 1098 Prae·

337 1124 443 1155 uestis
467 1124 579 1165 oppidi
604 1129 715 1165 partes
738 1124 1002 1165 descripserunt,
1026 1133 1138 1155 omnes
1162 1134 1198 1155 ea
1222 1124 1257 1155 in
1279 1133 1314 1155 re
1336 1129 1580 1165 peccaverunt,
1617 1124 1703 1166 quod
1727 1125 1867 1157 nimium
1887 1125 2077 1156 tribuerunt

338 1179 432 1219 locis,
456 1182 491 1211 in
513 1182 634 1221 quibus
654 1187 883 1221 monumenta,
911 1186 1058 1221 statuae,
1082 1181 1167 1212 aliae
1194 1191 1247 1212 res
1273 1180 1513 1222 qualescunque
1538 1186 1649 1213 nostra
1682 1186 1786 1213 aetate
1815 1186 1962 1223 repertae
1988 1185 2075 1212 sunt.

337 1236 422 1267 Nam
449 1238 603 1279 oppidum
637 1239 767 1280 saepius
794 1249 931 1280 prorsus
959 1239 1107 1270 dirutum
1139 1238 1185 1269 ita
1209 1238 1315 1269 denuo
1346 1242 1531 1269 extructum
1561 1243 1632 1279 est,
1665 1243 1702 1271 ut
1732 1238 1825 1272 locus
1853 1242 1996 1270 mutatus
2018 1237 2074 1269 sit.

338 1294 442 1334 Quam
468 1296 508 1326 ob
529 1306 597 1327 rem
621 1297 786 1336 imprimis
811 1296 969 1337 sequendi
992 1301 1069 1327 sunt
1096 1296 1372 1337 scriptores,
1405 1296 1558 1337 quamvis
1581 1296 1670 1327 inter
1695 1297 1784 1337 ipsos
1810 1295 2077 1337 distinguendum

338 1351 396 1391 sit,
422 1356 535 1382 utrum
557 1351 712 1393 oppidum
730 1356 804 1383 ante
827 1351 940 1393 Syllae
963 1351 1236 1393 expugnationem
1263 1351 1518 1393 descripserint,
1542 1362 1583 1383 an
1608 1352 1833 1385 testimoninm
1855 1362 1931 1382 suae
1951 1356 2077 1382 tantum

340 1408 456 1439 aetatis
479 1409 653 1438 ediderint.
1017 1445 1020 1449 .
1043 1441 1047 1444 Π

467 1463 642 1495 Praeneste
666 1460 808 1493 distabat
830 1459 953 1499 Roma,
975 1458 1060 1490 unde
1081 1459 1209 1489 moenia
1231 1457 1380 1500 conspici
1402 1464 1553 1500 poterant
1565 1461 1593 1502 ⁵)
1608 1484 1618 1500 ‚
1640 1460 1748 1492 millia
1767 1461 1836 1494 fere
1858 1463 1985 1504 viginti
2011 1464 2077 1495 tria

337 1521 373 1552 in
396 1521 578 1560 orientem,
600 1519 634 1551 id
657 1518 743 1560 quod
766 1518 851 1550 situs
872 1516 998 1559 oppidi,
1023 1515 1081 1558 qui
1104 1525 1268 1556 nunquam
1287 1515 1405 1547 dubius
1428 1515 1513 1558 fuit,
1541 1517 1643 1550 adhuc
1668 1522 1809 1551 testatur
1821 1519 1859 1559 ⁶).
1890 1518 1995 1551 =Idem
2021 1520 2076 1552 de-

383 1642 408 1678 1)
430 1643 483 1670 Est
506 1641 595 1670 radix
616 1650 690 1676 quae
709 1641 809 1668 eadem
828 1636 1014 1676 perspicitur
1032 1636 1063 1664 in
1084 1638 1176 1665 verbo
1196 1632 1366 1675 πρηνῖζειν,
1389 1638 1427 1685 de
1447 1637 1532 1666 cuius
1557 1638 1778 1674 significatione
1803 1641 1915 1678 optime
1934 1641 2077 1671 disseruit

419 1693 498 1727 Aug.
520 1691 692 1719 Meinecke:
712 1691 749 1718 de
767 1688 961 1726 Euphorione
979 1686 1113 1717 chalcida
1138 1687 1185 1716 in:
1203 1688 1344 1716 Analecta
1364 1687 1567 1717 Alexandrina
1588 1698 1618 1727 p.
1640 1690 1690 1719 52.
1712 1705 1753 1714 -

383 1740 411 1778 2)
431 1743 512 1772 Plin.
533 1743 589 1776 111,
611 1742 639 1775 5,
663 1742 691 1771 9.
735 1741 841 1769 Strabo
862 1740 892 1769 V
912 1748 940 1775 p.
966 1737 1033 1767 165.

382 1792 410 1830 ³)
432 1795 556 1823 Pindar.
579 1795 619 1823 ol.
642 1787 729 1829 Vssfy
751 1794 805 1823 42.-
827 1788 881 1820 ἐπὶ
903 1788 1075 1828 στέφανον
1093 1787 1178 1819 ’naa
1200 1788 1324 1827 τεῦξαι.
1351 1791 1503 1821 scholiast.
1521 1792 1557 1819 ad
1575 1793 1603 1821 h.
1620 1793 1640 1822 l.
1665 1792 1727 1830 (ap.
1741 1792 1889 1830 Boeckh.)
1909 1790 2077 1832 στέφανος

429 1844 493 1887 γὰρ
515 1841 627 1889 ὥσπερ
649 1845 719 1875 τῶν
741 1842 869 1875 πόλεων
891 1840 939 1873 τὰ
959 1842 1061 1884 τείχη.
1077 1859 1118 1866 —-
1137 1846 1182 1876 Cf.
1204 1847 1251 1874 W.
1265 1846 1342 1874 Gell.
1366 1846 1386 1874 l.
1402 1846 1421 1875 l.
1436 1847 1475 1879 ΙΙ,
1499 1846 1566 1876 180.
1608 1847 1733 1875 Abeken
1754 1844 1961 1878 {mittelltnlien
1983 1858 2014 1885 p.
2027 1849 2075 1879 76.

420 1899 573 1927 Draudius
594 1899 629 1926 ad
650 1898 746 1926 Solin.
769 1899 813 1926 lx
834 1899 932 1925 urbem
955 1902 1099 1934 „propter
1125 1895 1241 1923 votivas
1262 1897 1417 1924 multorum
1438 1906 1560 1925 coronas
1581 1897 1690 1932 quibus
1719 1897 1860 1934 inclytum
1880 1911 1920 1918 —-
1940 1899 2078 1934 templum

420 1949 566 1977 Fortunae
596 1950 832 1984 frequentabatur
859 1948 981 1976 florente
999 1947 1129 1975 Romano
1151 1945 1278 1983 imperio
1303 1946 1456 1974 admodum
1476 1948 1615 1976 celebre“
1638 1947 1680 1976 ita
1698 1948 1872 1984 appellatam
1890 1955 1956 1975 esse
1975 1948 2078 1984 opina-

421 2005 480 2033 tur,
501 2008 725 2027 commemorans
748 2004 778 2027 et
799 1999 953 2035 negligens
974 1999 1125 2032 „Romano
1147 1996 1274 2033 imperio
1294 1997 1440 2026 florente“
1462 1997 1494 2025 id
1518 1998 1623 2025 sactum
1644 2006 1724 2031 esse,
1752 2006 1810 2032 quo
1835 2002 1965 2034 tempore
1986 1997 2078 2026 Prae-

419 2055 503 2078 neste
523 2050 758 2087 polystephanon
779 2059 835 2077 non
856 2050 1065 2086 appellabatur.

380 2097 410 2135 ⁴¹)
430 2100 549 2129 Petrini
564 2102 582 2130 1.
596 2102 616 2129 l.
637 2101 813 2130 monumenti
830 2102 853 2130 1.
865 2111 893 2138 p.
909 2101 983 2131 393:
1004 2100 1082 2128 liber
1102 2097 1253 2127 continens
1269 2099 1477 2136 emphyteuses
1490 2099 1643 2127 Farsenses
1658 2097 1709 2126 sol.
1727 2096 1763 2127 14
1774 2097 1825 2127 let.
1840 2098 1881 2126 B:
1896 2098 2074 2128 Pelestrina.

384 2148 413 2184 5)
434 2151 538 2179 Strabo
560 2152 600 2185 V,
621 2152 650 2184 3,
675 2153 721 2179 ll.

387 2194 414 2234 ⁶)
435 2198 472 2227 cs.
496 2201 585 2231 chart.
607 2201 643 2228 ad
666 2201 685 2229 l.
707 2201 726 2230 l.
749 2201 797 2230 W.
821 2201 898 2231 Gell.
923 2206 951 2230 et
971 2201 1097 2229 chartam
1116 2198 1153 2228 ad
1170 2199 1192 2229 l.
1206 2198 1371 2244 Westphal.
1387 2197 1440 2234 qui
1463 2197 1553 2227 inser.
1588 2193 1649 2228 Die
1665 2194 1791 2234 &mische
1806 2193 1980 2237 Gampngne·
2002 2194 2077 2230 mer:

426 2249 466 2279 {in
488 2250 545 2278 unb
567 2248 687 2282 &tutin
710 2251 796 2281 1829.
