2208 2709
1152 18 1203 59 24

302 144 476 177 mulctatos
496 153 566 175 esse
587 142 720 175 scribit.
768 141 862 175 Hanc
876 143 980 185 ipsam
1002 142 1044 174 ob
1062 151 1188 189 causam
1203 146 1457 173 consentaneum
1465 140 1617 183 videtur,
1632 141 1809 184 pristinam
1824 140 2052 175 condicionem

302 202 337 233 in
361 201 499 243 reliquis
525 202 623 234 rebus
645 202 779 233 omnino
802 211 866 232 non
889 205 1043 231 mutatam
1066 199 1180 239 fuisse,
1208 199 1373 241 imprimis
1395 209 1493 242 quum
1513 197 1635 232 Livius
1661 200 1819 233 distincte
1841 199 1879 233 de
1909 199 2053 241 singulis

302 259 431 300 oppidis
457 259 598 291 relatum
622 260 849 298 decretumque
875 268 951 289 esse
981 257 1146 289 monuerit
1161 257 1251 297 ¹)·et
1272 257 1492 290 Romanorum
1522 256 1639 298 agendi
1669 259 1758 290 ratio
1784 257 2052 299 mitisquodum-

304 317 398 348 inodo
420 318 453 347 in
477 316 659 357 complures
684 315 841 346 civitates
856 316 883 355 2)
908 320 940 346 et
961 315 1043 346 satis
1063 319 1155 345 cauta
1172 314 1284 345 fuerit.
1332 315 1481 347 Pristina
1495 314 1659 354 condicio,
1682 325 1744 355 qua
1760 315 2050 353 Praenestinum

305 374 425 404 civitas
450 374 631 413 nitebatur,
655 377 725 403 erat
752 372 805 403 ius
829 372 930 403 Latii.
980 370 1063 412 Hoc,
1087 371 1174 413 quod
1196 372 1261 404 iam
1284 373 1469 415 antiquitus
1492 371 1635 403 foederis
1651 371 1748 413 aequi
1762 372 1910 404 umbram
1925 376 2051 404 tontum

304 440 378 469 prae
402 441 434 460 se
458 430 598 470 serebat,
622 435 793 471 postquam
817 430 920 462 fracta
945 435 992 461 est
1016 430 1212 461 Latinorum
1232 430 1289 461 vis
1312 441 1386 463 ann.
1410 433 1486 470 416,
1509 429 1607 469 valde
1629 429 1832 461 deminutum
1853 434 1921 469 est,
1947 429 1993 461 ita
2014 433 2051 459 ut

302 487 455 517 omnibus
482 486 681 518 Latinorum
704 487 834 527 oppidis
859 487 893 518 in
918 487 1075 518 humilem
1099 491 1194 527 atque
1217 497 1392 528 pauperem
1423 486 1647 519 condicionem
1677 486 1821 517 reductis
1835 487 1865 527 ³)
1888 486 2049 517 Romano-

304 554 376 574 rum
400 555 478 585 opes
512 550 709 576 crescerent.
755 544 862 575 Etiam
894 544 1186 576 Praenestinorum
1216 545 1368 576 condicio
1397 545 1473 577 inde
1506 544 1545 576 ab
1574 544 1636 575 hoc
1658 548 1804 585 tempore
1828 544 1910 575 satis
1935 543 2049 584 iniqua

302 600 380 639 fnit,
407 606 547 632 attamen
571 602 727 643 oppidum
751 602 967 642 municipium
991 602 1211 633 Romanorum
1236 602 1299 633 iam
1330 607 1408 633 tunc
1432 612 1497 634 non
1520 602 1641 633 factum
1664 606 1735 641 est,
1757 601 1792 632 id
1818 600 1904 643 quod
1927 610 1944 631 a
1965 609 2048 631 non-

302 657 406 689 nullis
430 659 512 690 male
537 659 756 691 contenditur.
804 658 931 690 Verum
958 658 1169 691 Praenestini
1190 659 1411 691 Romanorum
1434 665 1528 692 erant
1556 660 1639 692 socii
1658 658 1791 701 foedere
1813 658 1919 691 iuncti
1928 658 1970 695 ⁴),
1991 657 2048 699 qui

302 721 476 746 vocantur.
525 717 636 756 Igitur
651 718 713 748 -sui
737 723 989 758 permanserunt
1012 718 1110 757 iuris,
1137 717 1206 748 suis
1228 717 1403 748 utebantur
1426 717 1574 758 legibus,
1607 726 1796 758 quamquam
1827 716 2049 747 Romanorum

303 772 443 813 imperio
466 774 704 814 quodammodo
726 774 868 806 subiecti
891 779 983 805 erant
1014 779 1044 805 et
1077 775 1243 815 imprimis
1276 784 1357 815 qnae
1382 775 1533 806 iuberent
1562 774 1701 805 Romani
1730 772 1855 805 auxilia
1888 771 2047 804 mittenda

303 835 408 861 erant.
457 830 528 862 Iam
549 836 626 861 tnnc
648 832 824 862 Praeneste
847 832 1066 871 municipium
1088 831 1191 865 fuisse
1212 842 1278 862 non
1300 837 1418 872 potest,
1438 842 1537 872 quum
1564 832 1720 871 idrebus
1742 842 1844 872 usque
1865 831 1905 862 ad
1927 839 2047 861 annum

301 887 365 918 664
389 887 491 926 gestis
515 887 699 920 refellatur.
746 888 818 920 Hoc
840 889 913 920 loco
932 888 1015 919 illud
1038 898 1139 919 unum
1162 898 1294 920 monere
1316 888 1396 920 volo
1417 888 1650 920 Praenestinos
1672 889 1707 919 in
1722 888 1829 919 altero
1849 879 2046 918 Samnitium

305 941 394 973 bello
418 943 476 974 snb
499 944 665 984 praesecto
695 946 838 979 cohortis
872 946 1008 978 socialis
1040 946 1130 977 inter
1162 947 1270 979 socios
1295 945 1513 977 Romanorum
1537 945 1698 977 militasse
1713 944 1764 986 ⁵);
1788 943 2046 986 municipiorum

304 1005 410 1030 antem
436 1001 560 1032 milites
584 1002 656 1034 iure
681 1002 824 1043 legionis
844 1003 1022 1035 utebantur
1036 1004 1074 1040 ⁸).
1885 1036 1889 1039 ,

432 1056 577 1089 Nomine
599 1058 695 1090 illius
722 1059 865 1091 foederis
888 1060 1101 1091 Praenestini
1120 1060 1340 1092 Romanorum
1367 1059 1506 1100 imperio
1526 1058 1596 1090 fere
1616 1067 1754 1100 prorsus
1786 1057 1927 1092 subiecti
1953 1060 2046 1088 erant

305 1117 337 1142 et
361 1113 468 1145 taedio
495 1115 593 1145 huius
619 1117 754 1156 imperii
777 1118 907 1157 saepius
930 1117 1146 1148 rebellarunt.
1194 1117 1236 1148 Et
1270 1118 1334 1147 iam
1361 1106 1476 1157 vpaucis
1507 1116 1603 1156 annis
1633 1120 1708 1157 post
1730 1125 1826 1157 quam
1851 1125 1868 1146 a
1889 1113 2046 1145 Romanis

303 1179 365 1199 una
391 1181 463 1200 cum
487 1171 685 1203 Tiburtibus
711 1173 839 1204 devicti
862 1178 952 1214 sunt,
975 1184 1030 1205 eos
1048 1184 1189 1215 pugnam
1211 1179 1323 1205 contra
1341 1173 1504 1204 Romanos
1517 1183 1694 1205 renovasse
1708 1182 1840 1204 necesse
1852 1176 1914 1211 est,
1935 1180 2045 1213 quam-

304 1227 359 1257 vis
383 1232 522 1268 tempus,
546 1240 610 1270 quo
631 1230 715 1261 sacta
734 1236 782 1261 est
803 1231 956 1272 rebellio,
981 1232 1065 1272 apud
1090 1232 1270 1272 scriptores
1298 1242 1363 1262 non
1386 1236 1536 1262 accurate
1566 1230 1766 1271 designetur.
1812 1227 2046 1262 Praenestinos

304 1284 391 1315 enim
414 1281 537 1317 contra*
551 1286 713 1318 Romanos
735 1288 913 1319 rebellasse
935 1288 1088 1320 concludi
1110 1293 1218 1330 potest
1240 1299 1279 1320 ex
1297 1288 1386 1321 Plin.
1401 1288 1431 1320 h.
1445 1287 1629 1327 n.XXX1‚
1649 1290 1679 1327 1,
1698 1290 1718 1320 6
1733 1288 1771 1328 ⁷).
1821 1287 1861 1326 Q.
1879 1285 1938 1317 ille
1958 1284 2044 1319 Ani,-

304 1342 376 1372 cins
400 1342 638 1374 Praenestinus
662 1343 774 1374 hostis
791 1344 1013 1376 Romanorum
1035 1346 1138 1376 fuisse
1163 1355 1229 1376 non
1252 1350 1403 1387 poterat,
1427 1345 1496 1375 nisi
1518 1344 1701 1376 defectione
1724 1343 1912 1373 Praenestis
1932 1340 2046 1381 oppidi

303 1408 319 1427 a
346 1397 499 1428 Romanis
522 1397 617 1427 facta.
663 1398 807 1428 Anicius
828 1401 946 1428 aedilis
970 1400 1092 1428 Romae
1114 1407 1241 1427 creatus
1266 1405 1314 1427 est
1339 1407 1425 1427 anno
1446 1398 1511 1430 443
1531 1401 1564 1428 et
1586 1397 1763 1428 secundum
1780 1396 1929 1427 Plinium
1945 1396 2045 1427 Prae-

304 1455 429 1487 nestini
450 1455 564 1496 paucis
589 1454 685 1486 annis
708 1460 783 1487 ante
803 1466 821 1487 a
838 1455 995 1489 Romanis
1019 1454 1176 1487 defecisse
1201 1454 1340 1495 putandi
1362 1459 1449 1487 sunt.
1494 1454 1538 1488 Et
1561 1465 1647 1486 anno
1668 1456 1732 1488 433
1754 1454 1884 1499 quidem
1906 1453 2045 1486 Romani

302 1513 340 1542 ad
362 1512 519 1542 Lautulas
543 1513 625 1542 male
647 1513 892 1543 dimicaverunt
906 1514 934 1551 S)
949 1536 958 1550 ,
994 1517 1101 1542 tamen
1123 1512 1201 1541 haec
1225 1505 1338 1542 clades
1354 1518 1443 1543 certe
1468 1514 1578 1544 minor
1603 1512 1680 1551 fuit,
1702 1522 1797 1552 quam
1817 1501 1898 1552 «suae
1922 1512 2042 1542 demis-

303 1577 375 1599 sum
400 1567 690 1600 Praenestinorum
712 1568 875 1608 animum,
901 1568 958 1610 qui
981 1567 1080 1600 toties
1102 1567 1226 1599 frustra
1249 1567 1505 1610 rebellaverant,
1528 1569 1568 1601 ad
1602 1568 1818 1600 desectionem
1839 1566 2043 1610 perpulerit3

351 1658 374 1693 ¹)
397 1660 481 1692 vm,
507 1661 552 1693 14,
573 1661 600 1689 2.
639 1674 678 1680 —
720 1659 747 1694 2)
768 1661 836 1690 Liv.
859 1661 946 1693 vm,
963 1660 1009 1693 14,
1029 1660 1058 1688 3.

347 1705 374 1743 ³)
395 1710 530 1737 Fortasse
554 1719 609 1737 una
630 1716 754 1746 excepta
774 1710 963 1738 Aricinornm
986 1710 1117 1739 civitate.
1141 1709 1254 1738 Grotef.
1278 1711 1299 1739 l.
1320 1710 1340 1738 1.
1364 1711 1419 1744 lv,
1435 1710 1482 1740 48.

348 1757 375 1794 ⁴)
398 1759 444 1787 Cf.
469 1759 505 1786 de
527 1760 589 1787 illis
610 1766 725 1796 praeter
746 1760 822 1789 ulios
843 1760 945 1787 Micali
966 1760 1055 1788 ltalia
1075 1769 1105 1795 q.
1127 1769 1189 1795 seq.
1214 1761 1270 1793 111,
1291 1760 1340 1789 83.

350 1808 377 1843 ⁵)
399 1810 501 1836 Aurei.
524 1809 605 1837 Vict.
630 1810 666 1837 de
687 1810 744 1839 vir.
770 1810 815 1839 ill.
838 1811 952 1843 XXXI,
970 1810 1001 1839 5.
1041 1810 1123 1838 Plin.
1146 1811 1175 1838 h.
1199 1819 1227 1838 n.
1249 1810 1350 1843 xvn,
1375 1811 1420 1839 11.
1460 1808 1528 1838 Liv.
1551 1810 1605 1843 IX,
1628 1809 1675 1843 16,
1701 1809 1736 1839 16
1755 1813 1907 1846 postquam
1934 1809 1971 1837 de
1999 1808 2041 1843 vi,

386 1866 470 1891 quam
491 1858 633 1893 Papirius
656 1859 766 1885 Cursor
794 1859 830 1885 in
851 1859 961 1886 cives
984 1859 1136 1891 exercuit,
1159 1859 1323 1895 exemplum
1344 1859 1498 1895 praebuit,
1518 1859 1634 1896 pergit:
1655 1865 1684 1886 et
1706 1859 1751 1887 vis
1769 1864 1830 1886 erat
1852 1854 1968 1886 inviro
1990 1858 2042 1885 im-

386 1907 462 1943 perii
489 1907 594 1942 ingens
615 1908 727 1944 pariter
748 1908 784 1935 in
804 1908 936 1936 socios
958 1909 1153 1943 civesque.
1196 1909 1408 1938 Praenestinus
1430 1914 1548 1947 praetor
1566 1919 1621 1946 per
1636 1909 1769 1938 timorem
1785 1908 1906 1949 segnius
1922 1916 1960 1936 ex
1975 1909 2043 1936 sub-

385 1957 475 1983 sidiis
498 1965 566 1983 suos
588 1957 713 1984 duxerat
735 1958 763 1984 in
787 1958 908 1993 primam
928 1959 1019 1985 aciem
1043 1967 1071 1992 q.
1095 1967 1157 1993 seq.

349 2001 376 2039 ⁶)
397 2004 552 2041 Spanhem.
573 2006 645 2034 Orb.
668 2007 751 2034 Rom.
774 2008 797 2039 1,
818 2006 847 2035 9.

348 2052 376 2090 ⁷)
405 2055 472 2083 ,Cn.
496 2055 616 2083 Flavius
637 2056 730 2083 Annii
751 2056 830 2083 tilius
851 2056 903 2091 (de
922 2065 991 2084 vero
1012 2057 1130 2085 nomine
1149 2058 1212 2087 vid.
1232 2058 1388 2087 Drakenb.
1415 2059 1462 2087 ud.
1483 2057 1552 2087 Liv.
1575 2059 1636 2092 IX,
1657 2059 1714 2092 46,
1740 2057 1771 2094 l)
1798 2056 1906 2086 aedilis
1931 2056 2042 2085 eurulis

384 2105 539 2132 creabatur
558 2113 620 2132 cum
634 2106 669 2133 Q.
687 2105 794 2133 Anicio
808 2106 1012 2139 Praenestino,
1035 2107 1087 2140 qui
1108 2107 1210 2143 paucis
1222 2114 1288 2136 ante
1308 2108 1392 2136 annis
1411 2108 1506 2136 hostis
1522 2108 1641 2136 suisset«
1664 2117 1693 2142 q.
1710 2105 1773 2142 seq'.
1789 2107 1835 2136 cf.
1851 2106 2041 2140 Liv.1x‚46.

347 2154 374 2190 8)
396 2154 464 2182 Liv.
487 2155 542 2188 IX,
565 2155 615 2188 23,
637 2155 671 2183 4:
692 2155 817 2192 ancipiti
840 2156 955 2191 proelio
977 2162 1134 2192 pugnatum
1155 2163 1200 2185 est
1219 2158 1392 2186 —invenio
1413 2158 1490 2195 apud
1511 2158 1651 2193 quosdam
1671 2157 1820 2185 adversam
1840 2164 1901 2184 eun
1919 2164 2043 2193 pugnam

384 2204 525 2232 Romanis
541 2205 647 2234 fuisse.
681 2206 771 2233 Quam
795 2215 853 2233 rem
867 2206 959 2233 Diod.
975 2205 1037 2234 Sic.
1054 2208 1138 2241 xlx,
1152 2208 1207 2237 711
1226 2213 1351 2236 testatur
1364 2214 1395 2236 et
1414 2208 1490 2244 apud
1510 2208 1578 2236 Liv.
1595 2208 1689 2244 ipsum
1708 2215 1855 2235 semones
1869 2205 2046 2234 Samnitium

385 2255 573 2290 comprobant
595 2255 649 2288 lx,
672 2255 720 2288 25,
743 2255 770 2284 5.
