2208 2709
1070 102 1121 142 37

337 226 466 269 ⁴Atqui
487 225 643 268 templum
672 224 834 258 Fortunae
858 225 1060 258 et'sortium
1089 224 1221 257 oracula
1249 224 1402 266 fuerunt,
1433 235 1514 266 quae
1545 225 1699 266 oppidum
1727 235 1788 267 per
1824 224 1955 267 longum

229 289 356 325 tempus
378 284 662 326 opulentissimum
678 284 889 316 reddiderunt
911 288 942 316 et
962 283 1101 324 gloriam
1121 284 1215 316 urbis
1234 284 1416 325 antiquitus
1440 288 1601 325 receptam
1625 284 1864 316 sustinuerunt.
1910 283 1957 316 At

229 336 325 372 vero‘
344 341 504 382 impedire
535 350 599 371 non
628 345 825 381 potuerunt,
855 342 1030 382 quominus
1062 340 1260 372 christianae
1290 340 1465 381 religionis
1495 340 1635 372 asseclae
1666 341 1706 371 ad
1735 341 1838 380 ipsam
1867 341 1956 372 Deae

229 397 450 440 Primigeniae
472 398 578 430 sedem
602 398 790 431 existerent.
835 398 964 430 Famam
986 398 1093 429 sancti
1112 397 1270 439 Agapiti,
1297 398 1398 438 primi
1422 397 1597 439 religionis
1628 398 1830 430 christianae
1853 397 1954 430 Prae-

228 457 351 488 nestini
374 455 550 497 martyris,
574 456 654 487 satis
677 466 836 497 superque
860 456 1039 496 scriptores
1061 455 1219 486 historiae
1238 455 1428 486 Praenestis
1456 460 1705 495 tractaverunt,
1738 461 1770 487 et
1798 456 1952 498 quamvis

226 514 367 555 plurima
386 518 590 554 posterorum
613 514 776 545 addiderit
799 513 998 552 credulitas,
1029 517 1135 543 tamen
1158 521 1277 543 revera
1298 511 1473 544 Praeneste
1499 523 1515 543 a
1537 512 1729 544 christianis
1751 514 1949 554 gravissima

224 570 384 611 supplicia
405 575 532 612 sumpta
553 581 621 601 esse
643 570 700 601 vel
723 571 861 601 maxime
882 569 1069 601 verisimile
1093 573 1153 608 est,
1177 579 1280 610 neque
1301 569 1515 600 refellendum
1539 570 1694 609 videtur,
1726 571 1811 611 quod
1840 576 1951 603 censet

225 628 398 660 Suaresius
420 627 443 658 l.
460 628 483 658 1.
505 627 542 658 ΙΙ
563 638 590 660 e.
614 630 654 667 3,
687 627 904 659 Aurelianum
933 627 1161 667 imperatorem
1190 626 1297 667 ipsum
1327 626 1501 665 Praeneste
1532 626 1633 657 fuisse
1655 627 1879 668 diversatum,
1913 633 1949 659 ut

223 684 401 716 Fortunam
422 684 544 715 coleret
566 685 659 726 eique
680 689 758 715 vota
774 684 979 725 persolveret
993 688 1087 724 atque
1100 683 1223 714 hostias
1238 683 1421 714 immolaret
1431 684 1471 724 '¹).
1517 684 1600 714 Nam
1617 684 1820 716 Aurelianus
1841 686 1948 716 omni-

221 752 275 772 um
304 739 431 780 rerum,
463 752 542 782 quas
565 741 765 782 imperabat,
801 741 869 781 ipse
892 741 988 772 dabat
1009 740 1211 780 exemplum,
1235 744 1267 771 et
1291 740 1450 771 militaris
1470 740 1664 781 disciplinae
1694 752 1793 782 aeque
1814 753 1850 773 ac
1877 753 1946 773 mo-

162 793 175 800 *
222 809 296 831 rum
320 798 567 838 dissolutorum,
593 799 711 840 quibus
731 799 857 830 veteris
877 798 1051 839 religionis
1073 801 1289 838 contemptum
1310 797 1557 838 adnumerabat,
1584 809 1655 828 eum
1678 800 1947 831 nacerhissimum

221 856 323 888 fuisse
346 861 584 888 correctoremu
609 861 747 888 testatur
768 856 903 897 Eutrop.
924 855 988 895 IX,
1016 857 1054 888 14
1071 855 1108 895 ²).
1131 875 1173 881 -—
1196 855 1235 886 Id
1258 856 1342 896 quod
1365 855 1530 896 plerisque
1562 856 1787 887 Praenestinis
1818 863 1945 898 gratum

222 919 449 955 acceptumque
472 914 573 945 fuisse
593 914 739 945 videtur.
785 913 869 944 Nam
902 924 941 944 ex
972 913 1150 944 honorifica
1180 913 1417 954 inscriptione,
1447 924 1541 954 quam
1569 912 1647 943 laeti
1675 913 1801 944 incolae
1832 915 1945 955 oppidi

220 971 355 1002 Juliano
376 971 553 1012 Apostatae
578 975 756 1013 posuerunt
767 972 816 1011 3),
840 971 897 1010 qui
917 970 1003 1010 leges
1027 970 1236 1001 Constantini
1263 971 1421 1001 adversus
1452 971 1674 1010 paganismum
1704 971 1893 1002 sustulisset
1905 975 1946 1011 ¹²),

221 1033 309 1059 recte
334 1028 486 1059 concludi
514 1028 672 1065 videtur,
700 1027 874 1058 Praeneste
901 1027 936 1057 in
964 1026 1097 1057 illarum
1120 1027 1250 1058 urbium
1275 1038 1409 1058 numero
1440 1026 1564 1066 fuisse,
1598 1037 1677 1067 qnae
1708 1027 1835 1067 legibus
1869 1028 1944 1059 illis

221 1085 433 1116 Constantini
456 1086 589 1125 eiusque
611 1084 677 1115 filii
691 1085 719 1125 5)
744 1095 808 1115 non
831 1084 1026 1125 obsequutae
1051 1089 1151 1116 erant.
1198 1084 1261 1115 Sed
1284 1085 1386 1115 breve
1411 1090 1480 1115 erat
1501 1084 1673 1124 gaudium,
1694 1095 1767 1114 nam
1792 1085 1943 1116 Theodo-

218 1142 289 1173 sius
309 1152 394 1172 anno
418 1143 482 1174 394
504 1151 648 1181 asperam
670 1141 827 1171 adversus
850 1141 1071 1181 paganismum
1084 1140 1187 1170 edidit
1210 1140 1311 1180 legem
1325 1142 1375 1181 ⁶),
1404 1142 1457 1171 cui
1482 1146 1518 1171 ut
1546 1151 1657 1170 omnes
1687 1141 1945 1182 obsequerentur

217 1203 352 1231 strenue
374 1198 527 1239 curavit,
551 1198 597 1229 ita
621 1202 657 1229 ut
675 1202 762 1228 recte
785 1197 917 1228 Petrini
948 1196 1008 1228 illo
1029 1207 1113 1228 anno
1136 1197 1290 1238 templum
1313 1197 1477 1228 Fortunae
1512 1197 1547 1227 in
1580 1202 1770 1238 perpetuum
1795 1198 1942 1229 clausum

219 1266 287 1288 esse
308 1256 481 1287 contendat
492 1256 529 1296 ⁷).
574 1255 680 1296 Atqui
703 1255 761 1285 ubi
786 1255 928 1295 primum
952 1264 1033 1285 crux
1056 1264 1114 1295 pro
1136 1254 1300 1285 Fortunae
1325 1250 1502 1285 simulacro
1524 1256 1630 1294 posita
1652 1260 1718 1293 est,
1751 1260 1781 1285 et
1814 1255 1943 1295 publice

216 1313 456 1355 praedicatores
478 1312 543 1343 filii
564 1312 728 1352 unigeniti
751 1311 857 1342 locum
877 1311 1079 1342 sacerdotum
1105 1311 1191 1341 Deae
1215 1311 1435 1352 Primigeniae
1456 1312 1690 1351 obtinuerunt,
1715 1311 1821 1351 gloria
1844 1312 1943 1343 Prae-

217 1371 322 1403 nestis
344 1370 480 1402 evanuit
502 1380 603 1410 neque
625 1379 684 1410 per
705 1374 809 1400 totum
832 1369 972 1400 medinm
996 1379 1112 1399 aevum
1145 1368 1353 1400 Praenestini
1388 1380 1421 1400 se
1449 1380 1466 1400 a
1492 1370 1636 1409 partium
1659 1369 1780 1400 studiis
1808 1374 1864 1400 aut
1895 1370 1943 1400 ira

217 1428 388 1459 defendere
410 1431 572 1467 poterant,
599 1427 693 1455 cuius
718 1426 819 1455 malae
843 1414 1049 1456 condicionis
1071 1425 1166 1455 finem
1190 1436 1253 1455 non
1275 1426 1420 1454 Fortuna
1445 1425 1555 1462 oppidi
1578 1431 1686 1454 custos
1709 1435 1839 1455 reversa
1856 1448 1865 1463 ,
1888 1427 1943 1456 sed

217 1484 372 1515 inimicus
392 1482 563 1514 Vulcanus
584 1480 707 1510 nostris
729 1480 842 1510 diebus
864 1478 1033 1509 adduxisse
1056 1478 1204 1517 videtur,
1227 1483 1263 1509 ut
1286 1479 1343 1519 qui
1366 1478 1508 1518 primum
1531 1480 1643 1519 oppidi
1667 1481 1870 1511 conditorem
1886 1492 1942 1521 ge-

217 1541 340 1581 nuerit,
366 1540 514 1572 ultimam
535 1537 661 1579 prolem
682 1537 816 1568 eiecerit
842 1547 881 1568 ex
902 1535 976 1567 sede
999 1535 1131 1576 antiqua
1144 1533 1184 1574 8).

259 1630 284 1665 ¹)
304 1630 347 1659 cf.
368 1628 485 1657 Petrini
506 1636 569 1655 ann.
593 1626 660 1655 274.
682 1635 711 1661 p.
734 1625 803 1652 Chr.

256 1679 286 1716 2)
304 1680 349 1709 Cf.
373 1678 542 1715 Vopiscus:
562 1675 738 1704 Aurelianus
760 1674 809 1704 38.
830 1674 858 1704 7.
882 1688 921 1694 —-

256 1729 284 1765 3)
304 1728 422 1759 Petrini
445 1728 534 1755 inser.
552 1727 658 1754 Praen.
680 1726 727 1758 11,
751 1725 801 1753 18:
825 1720 995 1758 D.(0mino)
1014 1721 1163 1757 N.(ostro)
1182 1721 1348 1757 Cl.(audio)
1368 1722 1487 1750 Juliano
1506 1742 1588 1751 .....
1612 1720 1816 1749 Triumsatori.

829 1769 959 1809 Semper.
981 1770 1159 1808 Aug.(usto)
1185 1771 1267 1799 Ordo
1287 1771 1479 1808 Populusque
1502 1772 1607 1799 Praen.

255 1802 289 1863 ⁴),
304 1828 410 1855 Libun.
429 1831 502 1852 orat.
526 1825 573 1852 12.
592 1837 632 1844 -—-
653 1823 682 1858 ⁵)
701 1824 807 1858 Leg;2
829 1823 902 1850 Cod.
922 1823 1036 1849 Theod.
1058 1823 1094 1849 de
1115 1822 1224 1855 Pagan.

256 1875 283 1914 6)
304 1875 438 1905 Gothofr.
461 1874 491 1902 in
513 1873 572 1913 leg,
597 1872 634 1901 10
655 1872 727 1900 Cod.
748 1871 862 1900 Theod.
886 1870 932 1900 tit.
956 1870 991 1897 de
1012 1870 1123 1905 Pagan.
1146 1869 1282 1897 Zosimus
1302 1869 1356 1903 VI,
1379 1868 1431 1898 59:
1461 1868 1606 1899 sacrificia
1625 1868 1752 1905 amplius
1774 1868 1840 1895 steri
1864 1874 1940 1895 vetat

292 1926 477 1956 Theodosius
495 1924 563 1954 394.

256 1976 284 2014 ⁷)
303 1973 329 2010 ξ,
352 1986 377 2004 a.
399 1976 472 2009 394:
494 1975 524 2001 io
547 1980 635 2007 tengo
652 1987 690 1993 —
712 1973 766 1998 che
785 1977 888 2005 questo
910 1971 955 1998 sia
976 1972 1091 2004 l'anno,
1113 1971 1143 1997 in
1165 1971 1212 1997 cui
1234 1971 1338 1998 surono
1360 1970 1390 1996 di
1410 1969 1499 1996 nuori
1521 1970 1619 1996 ehinsi
1642 1978 1658 1996 e
1676 1969 1758 2005 posti
1782 1969 1812 1996 in
1835 1978 1942 2005 perpe—

290 2033 340 2057 tua
357 2025 511 2055 oblivione
529 2023 540 2051 i
558 2021 652 2051 nostri
673 2020 784 2056 Sacram*
808 2020 885 2048 della
903 2021 1041 2050 Fortuna.
1083 2019 1237 2054 Loquendi
1257 2019 1372 2046 modum
1394 2018 1523 2046 hominis
1541 2017 1674 2054 [gentilis
1703 2027 1777 2046 anno
1799 2014 1859 2049 386
1887 2018 1942 2045 iam

291 2077 540 2106 christianismum
559 2074 743 2107 aliquatenus
764 2072 897 2100 redolere
919 2074 1054 2100 observat
1075 2071 1169 2099 Orelli
1191 2070 1263 2098 inse.
1285 2070 1373 2099 4360.

213 2136 215 2139 ·
253 2124 282 2162 θ)
302 2126 352 2154 De
371 2126 425 2152 hac
446 2124 588 2152 hodierna
607 2121 866 2149 Praenestinorum
893 2121 1008 2147 fortuna
1030 2120 1157 2148 ,adversa
1185 2119 1223 2146 cf.
1242 2128 1272 2153 p.
1296 2119 1332 2146 10
1349 2127 1381 2157 .¹¹·
1403 2118 1431 2146 2.
1473 2119 1597 2145 Brevem
1623 2119 1872 2160 adumbrationem
1896 2120 1941 2145 hi-

290 2175 402 2207 :toriae
419 2173 591 2205 Praenestis
610 2171 716 2210 oppidi
739 2167 768 2200 in
786 2163 890 2199 medio*
904 2179 977 2199 aevo
998 2169 1081 2198 dedit
1100 2168 1204 2207 Nibby
1224 2174 1253 2197 et
1273 2168 1342 2198 Chr.
1356 2168 1464 2196 Mulier
1485 2168 1506 2197 1.
1520 2169 1540 2199 l.
1555 2169 1714 2198 Praeterea
1733 2178 1794 2199 eain
1814 2168 1942 2206 scripse-

241 2243 245 2251 ·
290 2231 376 2259 runt,
397 2226 449 2260 qui
469 2224 579 2252 laudati
600 2229 666 2250 sunt
687 2222 747 2250 viri
768 2231 797 2257 p.
821 2222 841 2250 3
861 2230 890 2249 n.
914 2222 944 2249 2.
984 2220 1065 2247 Anni
1087 2220 1145 2253 408
1168 2219 1394 2256 inscriptionem
1415 2220 1516 2248 attulit
1536 2222 1646 2256 Augei.
1668 2221 1746 2248 Mai:
1774 2222 1862 2249 inser.
1884 2227 1941 2250 vet.

289 2283 366 2306 nova
383 2275 500 2304 collect.
522 2274 604 2303 Tem.
624 2271 654 2302 V
675 2280 706 2309 p·
727 2271 786 2302 278
804 2271 841 2300 cf.
864 2269 960 2298 Orelli
976 2269 1065 2299 inser.
1091 2269 1161 2298 1⁰5.

737 2354 1427 2374 rssss————-—·—————-—->-
