2208 2709
1144 59 1190 97 10

298 186 469 217 diversam
493 182 653 214 montium
675 180 881 213 Albanorum
904 186 936 213 et
958 181 1081 213 montis
1106 181 1279 223 Apennini
1302 186 1448 213 naturam
1472 181 1587 214 Micali
1612 183 1678 214 fere
1699 182 1960 224 praetermisisse
1980 184 2036 215 vi-

298 245 395 276 detur
411 243 446 281 ¹).
489 240 604 281 Neque
624 240 684 271 hoc
706 239 997 270 Praenestinorum
1020 239 1170 271 ultimam
1201 239 1327 281 prolem
1349 251 1365 271 a
1389 244 1515 272 terrore
1537 240 1625 281 ignis
1648 241 1683 272 in
1707 240 1777 272 dies
1801 239 1904 273 latius
1927 251 2036 273 erum-

299 301 408 343 pentis
432 299 588 331 defendit.
635 297 719 328 Nam
742 300 858 327 nostro
881 301 1029 338 tempore
1049 298 1132 330 actis
1158 298 1289 330 diurnis
1312 298 1469 330 certiores
1491 297 1569 329 sacti
1589 308 1699 330 sumus
1721 299 1760 330 de
1775 299 1934 331 montium
1949 299 2036 340 igni-

299 368 472 390 vomorum
499 354 752 395 eruptionibus,
776 364 858 394 quae
881 358 947 384 tam
969 354 1109 386 celerem
1130 356 1270 387 minatae
1293 357 1361 386 sint
1385 355 1578 395 interitum,
1609 360 1646 386 ut
1675 356 1737 393 jam
1758 366 1868 388 omnes
1890 356 1957 387 fere
1984 356 2036 386 in-

299 416 390 448 colae
413 413 526 446 urbem
550 410 720 443 infelicem
742 410 909 443 Fortunae
930 416 1152 443 consecratam
1173 412 1372 455 reliquerint
1384 413 1422 450 ²).

443 486 563 517 Strabo
598 486 635 517 in
667 485 732 517 fine
769 485 1005 526 descriptionis
1040 485 1229 517 Praenestis
1263 486 1285 517 1.
1321 486 1343 517 l.
1379 486 1471 517 addit
1493 486 1614 517 verba:
1649 489 1695 529 ῥεῖ
1718 487 1751 518 δὲ
1774 486 1829 518 διὰ
1849 489 1908 524 τῆς
1928 486 2036 529 χώρας

300 548 455 590 (ὶί-έρεσις
480 547 497 576 ὁ
525 542 691 585 ποταμός.
738 543 802 574 Sed
827 554 931 585 neque
953 544 1091 575 Veresis
1109 554 1211 584 neque
1230 544 1315 575 alius
1330 545 1435 575 maior
1448 544 1583 583 fluvius,
1607 545 1733 585 qualem
1756 545 1904 577 brevitas
1922 545 2037 575 horum

299 604 481 637 verborum
503 602 728 634 demonstrare
751 601 901 641 videtur,
925 612 984 642 per
1006 601 1255 632 Praenestinum
1277 601 1352 632 fluit
1374 611 1495 641 agrum.
1542 600 1674 631 Petrini
1695 601 1783 642 (ann.
1807 605 1828 635 2
1848 613 1878 643 p.
1898 602 1973 633 Chr.
1988 602 2037 642 n.)

301 662 340 694 de
365 662 431 694 Osa
459 660 658 692 Strabonem
682 659 843 699 cogitasse
869 659 1070 698 arbitratur,
1095 658 1151 699 qui
1175 662 1224 688 est
1247 658 1370 689 fluvius
1394 658 1465 698 agri
1491 658 1633 696 Gabini;
1663 663 1694 689 at
1723 669 1821 699 quum
1845 659 2038 691 Strabonem

303 729 429 750 errasse
453 727 585 749 necesse
608 716 667 755 sit,
690 717 816 746 rectius
840 715 1047 746 statuendum
1074 715 1231 752 videtur;
1262 724 1332 745 eum
1356 715 1544 753 nomina,
1567 724 1633 744 non
1665 725 1792 755 agros
1817 721 2036 747 commutasse.

303 776 416 817 Itaque
439 775 581 806 Trerum
596 773 751 812 fluvium,
774 773 832 814 qui
857 783 895 803 ex
913 772 1002 804 rivis
1019 772 1091 813 agri
1107 771 1316 804 Praenestini
1339 776 1371 803 et
1391 771 1555 803 Cavorum
1569 772 1641 813 agri
1657 772 1818 812 exoritur,
1843 783 1860 804 a
1877 773 2038 805 Strabone

305 833 527 875 significatum
552 841 621 861 esse
643 830 808 861 existimo.
822 829 850 868 3)

436 905 573 935 Praeter
597 902 714 942 ilices,
741 902 859 943 quibus
883 911 977 942 agros
1003 901 1292 934 Praenestinorum
1325 902 1502 934 abundasse
1536 912 1632 944 supra
1664 901 1835 943 vidimus,
1872 903 2039 943 praeclara

306 966 373 993 erat
397 971 470 991 rosa
494 960 723 998 Praenestina,
748 958 924 989 secundum
936 957 1086 989 Plinium
1100 959 1128 999 4)
1155 960 1424 991 ''celeberrimum
1446 970 1547 1000 genus
1569 969 1728 999 rosarum,
1754 970 1832 1000 quae
1858 960 2039 990 novissime

305 1018 514 1056 desinebatn3
551 1016 667 1057 bulbi,
699 1015 850 1058 quamvis
874 1026 1032 1056 nusquam
1055 1017 1123 1048 nisi
1151 1028 1167 1048 e
1191 1017 1313 1049 semine
1336 1021 1568 1057 nascerentur,
1604 1017 1639 1047 in
1664 1016 1889 1048 Praenestinis
1918 1017 2040 1059 campis

304 1081 418 1115 sponte
441 1074 660 1105 nascebantur
671 1074 700 1113 ⁵)
724 1078 756 1104 et
776 1083 844 1103 nux
869 1073 993 1102 minuta
1017 1073 1159 1113 plurima
1189 1075 1401 1114 occurrebat,
1432 1075 1478 1104 ita
1502 1079 1538 1104 ut
1560 1073 1698 1105 sortasse
1727 1075 1810 1105 hanc
1841 1074 1882 1104 ob
1913 1084 2040 1104 causam

305 1131 515 1163 Praenestini
540 1131 605 1172 ipsi
625 1129 764 1161 nuculae
787 1129 857 1160 sint
879 1127 1036 1170 appellati
1052 1129 1089 1170 ⁶).
1136 1131 1262 1162 Vinum
1286 1131 1537 1162 Praenestinum
1564 1129 1672 1162 minus
1694 1131 1814 1172 pingue
1840 1135 1921 1171 erat,
1946 1140 2040 1171 quam

303 1189 496 1227 Marsicum,
512 1190 539 1223 ⁷)
562 1188 714 1229 quamvis
744 1187 821 1218 vini
852 1187 975 1217 cultum
999 1197 1117 1217 nomen
1148 1189 1423 1219 nvindemiatoris
1446 1188 1627 1218 mordacisu
1651 1193 1800 1228 testetur,
1830 1198 1894 1229 quo
1925 1188 2039 1219 Horat.

305 1250 362 1276 sat.
388 1245 416 1284 Ι,
442 1247 463 1276 7
486 1245 658 1285 Rupilium
680 1245 801 1285 Regem
821 1243 1074 1274 Praenestinum
1094 1244 1245 1286 appellat.
1291 1245 1419 1277 Verum
1438 1245 1548 1276 olivae
1568 1245 1639 1286 agri
1654 1245 1863 1277 Praenestini
1879 1245 1942 1276 iam
1958 1245 2041 1286 apud

306 1306 436 1333 veteres
461 1301 496 1332 in
520 1301 748 1333 celeberrimis
774 1300 978 1341 ponebantur
990 1301 1028 1340 Β).

385 1447 422 1474 de
450 1448 552 1474 roches
573 1446 733 1478 grisatres:
754 1446 795 1473 les
814 1448 909 1474 beaux
929 1448 1039 1477 asinos,
1062 1447 1105 1474 les
1125 1448 1307 1478 vegetationis
1328 1449 1521 1479 vigoureuses
1541 1442 1593 1472 des
1614 1450 1705 1473 monts
1717 1445 1904 1481 volcaniques
1921 1452 1969 1475 ont
1991 1448 2043 1475 fait

382 1496 465 1533 place
488 1496 505 1522 ὲ,
525 1504 581 1522 une
603 1499 704 1522 nature
725 1502 834 1529 pauvre
863 1497 891 1519 et
912 1492 1111 1527 languissante
1132 1502 1161 1527 q.
1184 1501 1247 1527 seq.

348 1545 373 1582 ¹)
394 1546 515 1573 Micali:
537 1545 624 1571 Italia
643 1543 740 1570 avanti
759 1543 781 1569 il
803 1542 935 1568 dominio
959 1543 1004 1568 de’
1017 1542 1152 1575 Romani,
1173 1543 1246 1571 trad.
1270 1552 1323 1578 par
1338 1544 1608 1573 Raoul-Rochette
1628 1546 1714 1573 Paris
1731 1547 1816 1575 1824.
1829 1548 1844 1574 Ι
1856 1557 1884 1582 p.
1902 1549 1957 1577 193
1975 1551 2040 1578 n.3.

384 1594 442 1622 Sur
462 1598 591 1621 toutes
613 1592 656 1618 les
676 1596 845 1625 montagnes
867 1590 1029 1624 adjacentes
1049 1598 1084 1617 au
1105 1590 1222 1618 Latium
1249 1598 1278 1619 et
1303 1598 1530 1621 notamment
1556 1603 1615 1622 aux
1643 1600 1736 1623 monts
1765 1596 1802 1622 de
1826 1596 1984 1625 Tusculum
2013 1604 2041 1626 et

385 1644 559 1671 d'Albanum
580 1651 616 1669 on
638 1640 701 1669 voit
724 1640 776 1667 des
796 1646 888 1668 traces
908 1640 1076 1668 manifestes
1100 1640 1247 1669 d’anciens
1270 1643 1397 1672 volcans.

349 1692 376 1728 ²)
399 1694 443 1721 Cf.
466 1699 529 1720 acta
550 1693 656 1719 diurna
674 1691 743 1718 anni
765 1690 841 1719 1544
863 1695 893 1716 et
916 1690 1062 1726 imprimis
1079 1699 1145 1717 eum
1165 1691 1315 1725 libellum,
1341 1693 1393 1727 qui
1421 1693 1610 1722 inscribitur:
1637 1692 1707 1725 241ss
1735 1694 1877 1726 Ἡαῧῐαηδ.
1918 1698 2042 1726 Abeken

384 1743 405 1771 l.
426 1743 445 1770 1.
468 1752 497 1779 p.
519 1741 576 1770 43:
602 1738 665 1775 2tuf
687 1739 748 1769 bem
775 1735 880 1769 &ebiet
906 1744 961 1768 non
981 1736 1147 1774 ⁵J>n16sttina
1169 1739 1320 1776 etstbeinen
1344 1740 1466 1778 &putea
1487 1742 1565 1774 εἰιιεΰ
1583 1742 1701 1775 stratas
1721 1760 1770 1774 —.
1813 1743 1974 1784 abnungen
1995 1747 2043 1777 bes

386 1790 454 1827 eiust
476 1791 532 1827 bier
553 1790 688 1820 tobenben
709 1787 817 1825 &euers
838 1787 935 1825 smidn
954 1788 997 1818 bie
1019 1786 1105 1826 &age
1124 1795 1180 1821 von
1202 1788 1329 1821 §titulus
1351 1795 1418 1822 aus.

348 1839 375 1877 3)
398 1842 445 1869 De
464 1842 557 1868 Trero
580 1839 686 1872 fluvio,
707 1838 760 1872 qui
782 1838 872 1865 hodie
893 1838 984 1866 Sacco
1007 1844 1136 1873 vocatur,
1156 1840 1192 1869 cs.
1215 1842 1369 1877 Westphal
1387 1842 1444 1869 1.1.
1467 1852 1496 1878 p.
1518 1843 1553 1872 81
1570 1848 1643 1881 etp.
1660 1844 1726 1873 104.
1769 1844 1900 1873 Eundem
1921 1845 2042 1874 fluvium

385 1900 402 1919 a
421 1890 564 1919 Strabone
586 1889 746 1917 indicatum
766 1897 832 1916 esse
853 1888 1005 1916 existimat
1026 1889 1192 1926 Capmartin
1211 1891 1248 1919 de
1269 1892 1409 1930 Chaupy:
1429 1893 1604 1923 decouverte
1625 1895 1662 1923 de
1677 1895 1704 1923 la
1716 1895 1827 1925 maison
1840 1895 1877 1924 de
1888 1904 2043 1933 campagne

384 1941 539 1968 d'Horace.
582 1940 691 1966 Romae
715 1938 799 1967 1767.
835 1938 865 1965 11
886 1947 914 1973 p.
936 1938 1005 1966 320.

344 1989 374 2025 4)
394 1991 422 2018 h.
446 1999 474 2018 n.
492 1989 577 2021 XXI,
601 1990 629 2016 4.
651 1988 687 2015 cf.
710 1987 838 2015 Maniai.
855 1987 953 2023 epigr.
968 1988 1022 2021 IX,
1043 1988 1091 2017 40.
1133 1989 1216 2020 Plin.
1239 1992 1260 2020 1.
1283 1991 1304 2020 1.
1327 1993 1414 2025 xlll,
1436 1993 1484 2021 21.
1506 2006 1547 2013 —·
1568 1991 1596 2029 ⁵)
1618 1994 1700 2022 Plin.
1721 1994 1778 2024 1.1.
1800 1996 1886 2030 xlx,
1905 1995 1935 2030 5,
1953 1996 2001 2025 30.

345 2039 372 2075 ⁶)
394 2039 476 2067 Plin.
499 2040 530 2066 h.
550 2048 579 2066 n.
601 2038 671 2070 XV,
693 2037 741 2069 22,
762 2037 811 2065 24.
854 2037 958 2064 Festus
977 2043 1005 2064 et
1024 2038 1061 2067 P.
1085 2039 1172 2068 Diae.
1192 2049 1217 2069 s,
1242 2051 1268 2069 v.
1292 2051 1380 2070 nuces
1401 2048 1431 2070 et
1451 2044 1583 2073 nucuiae.
1627 2044 1699 2072 Cato
1722 2044 1758 2072 de
1779 2045 1816 2073 R.
1837 2046 1875 2073 R.
1895 2055 1922 2074 c.
1944 2046 1973 2076 8.
2004 2047 2040 2074 cf.

381 2098 406 2117 c.
430 2088 467 2117 51
489 2094 518 2115 et
543 2087 610 2115 145.
652 2086 699 2113 Ad
720 2087 839 2113 eandem
861 2095 920 2113 rem
942 2087 1124 2116 referendum
1143 2095 1216 2126 puto
1238 2091 1302 2121 Cic.
1324 2092 1361 2119 de
1381 2098 1455 2121 orat.
1477 2094 1518 2127 11,
1539 2093 1588 2122 62..

342 2137 370 2174 ⁷)
390 2139 500 2166 Athen.
523 2137 658 2173 deipnos.
682 2136 706 2169 1,
730 2135 777 2165 15.

343 2186 371 2222 fl)
393 2190 545 2217 Anecdota
573 2198 677 2224 graeca
708 2198 724 2216 e
749 2189 834 2217 codd.
863 2198 937 2218 man.
966 2191 1002 2217 ed
1031 2193 1056 2221 1.
1078 2193 1117 2222 A.
1151 2194 1270 2221 Cramer
1303 2195 1418 2222 Oxonii
1449 2195 1534 2224 1841.
1563 2196 1623 2223 vol.
1651 2197 1697 2226 IV
1718 2206 1748 2233 p.
1776 2197 1850 2226 315:
1887 2195 1978 2238 Τρεῖς
1999 2197 2042 2231 εἰς

390 2236 503 2267 ἐλαίαν
527 2238 611 2270 εἰσὶν
632 2238 760 2279 εὐφυεῖς
782 2236 910 2276 πόλεις,
933 2239 1059 2272 Νίκαια
1075 2241 1131 2273 καὶ
1159 2242 1369 2287 Πραίνεστος
1399 2242 1448 2281 ἥτ’
1474 2244 1661 2287 Ἐρεχθέως.
1701 2249 1750 2278 De
1769 2255 1867 2279 nostra
1887 2257 1981 2280 aetate
2002 2253 2040 2280 cf.

382 2290 521 2318 Tournon
542 2292 562 2319 1.
583 2294 603 2322 1.
627 2294 642 2321 1
661 2303 690 2330 p.
711 2291 751 2323 99
774 2298 802 2321 et
823 2292 899 2320 alios
918 2296 1037 2329 passim.
