2208 2709
1035 51 1086 90 34

316 180 424 213 Etiam
449 176 554 218 magis
576 175 734 208 Tiberius
756 173 995 212 Praenestinis,
1020 172 1060 203 ad
1086 180 1167 213 quoe
1190 171 1255 204 iam
1276 177 1370 214 pater
1391 182 1477 206 anno
1499 176 1562 209 714
1585 173 1714 215 fugerat
1729 176 1778 217 ¹),
1801 175 1928 208 favisse

187 239 332 271 videtur.
382 235 490 267 Aulus
510 234 640 266 Gellius
665 233 752 262 enim
779 231 825 271 (n.
843 240 871 261 a.
891 230 991 269 XVI,
1006 229 1062 269 13)
1086 230 1206 261 scribit
1231 230 1476 271 Praenestinos,
1502 233 1662 265 nmaximo
1681 233 1926 275 oper-epotum

187 305 361 336 orasseque
386 304 403 325 a
420 292 577 330 Tiberio,
609 294 646 321 ut
672 299 710 320 ex
735 287 865 320 colonia
895 287 931 318 in
953 286 1130 328 municipii
1161 291 1281 319 statum
1313 288 1563 329 redigerenturu
1578 291 1617 331 ²).
1671 289 1775 332 quue
1804 289 1927 323 factum

190 363 260 384 esse
286 363 302 383 a
326 350 464 381 Tiberio
477 349 527 389 ³),
561 348 637 388 quia
666 347 726 378 sub
760 346 832 387 ipso
861 345 982 386 oppido
1019 355 1059 376 ex
1091 345 1189 385 gravi
1211 346 1326 377 morbo
1348 345 1607 387 convaluerim).
1653 348 1725 380 Nec
1745 346 1928 384 reficienda

187 411 323 443 videtur
340 406 445 439 Gellii
466 405 638 444 narratio,
665 414 734 436 rem
759 403 846 435 enim
869 413 908 434 ex
931 402 1142 444 imperatoris
1167 402 1330 435 Hadriani
1355 404 1504 435 oratione
1523 403 1660 446 quadam
1681 405 1809 446 tradit,
1832 414 1927 446 quem

188 479 225 498 ex
248 467 330 497 actis
355 465 604 505 imperatorum,
630 462 816 494 certissimo
839 461 952 501 fonte,
984 460 1138 492 retulisse
1159 467 1410 494 consentaneum
1429 467 1496 501 est3
1528 462 1615 494 unde
1645 461 1768 494 factum
1791 467 1860 503 est,
1889 465 1928 494 ut

188 523 369 556 Frontinus
383 545 392 561 ,
417 521 474 563 qui
497 520 613 552 Nerva
638 520 817 560 imperante
838 518 961 550 librum
986 518 1025 549 de
1049 517 1191 550 coloniis
1208 520 1357 561 scripsit,
1382 519 1557 553 Praeneste
1578 530 1645 552 non
1664 519 1841 558 colonium,
1872 519 1928 551 sed

186 581 340 622 oppidum
365 578 593 619 appellaverit.
641 577 876 608 Praenestinos
906 575 1072 606 libertatis
1095 586 1217 616 amore,
1241 582 1278 608 ut
1301 577 1385 608 illud
1408 577 1474 608 sibi
1497 582 1697 618 expeterent,
1718 577 1835 609 ductos
1858 587 1928 609 esse

187 638 283 670 facile
307 635 528 678 perspicitur:
554 644 627 665 nam
650 633 841 664 colonorum
864 633 954 662 iusto
977 632 1083 662 maior
1105 637 1175 663 erat
1199 634 1345 664 nominis
1363 634 1502 665 RomAni
1525 634 1659 665 iactatio
1673 657 1683 674 ,
1709 645 1813 675 neque
1838 634 1926 665 civi-

186 697 264 728 tatis
287 696 378 730 iura,
400 705 480 734 quae
505 693 588 733 ipsis
612 701 764 723 concessa
788 695 881 722 erant
905 694 937 721 et
959 689 1079 731 quibus
1103 689 1154 720 uti
1177 694 1341 731 poterant,
1365 691 1473 732 magni
1497 691 1696 723 aestimanda
1720 696 1807 724 sunt.

317 751 408 781 Idem
432 750 591 780 Tiberius
617 749 782 789 imprimis
801 749 1003 778 maiestatem
1025 748 1166 777 sortium
1188 747 1474 780 Praenestinarum
1495 749 1626 780 veritus
1649 754 1698 780 est
1708 749 1737 789 ⁵)
1759 754 1791 781 et
1813 758 1926 790 quam-

187 809 242 840 vis
255 808 422 849 asylorum
442 807 515 837 vim
528 816 715 846 moremque
730 805 916 836 aboleverit
929 804 968 844 ⁶),
988 808 1097 834 tamen
1115 803 1149 834 id
1165 813 1295 844 graecas
1313 809 1439 837 tantum
1457 805 1554 836 urbes
1567 809 1727 846 spectasse
1739 805 1875 837 videtur
1885 806 1926 845 ⁷),

187 875 326 905 quorum
351 865 386 893 in
407 875 541 895 numero
564 865 740 894 Praeneste
761 873 827 893 non
850 861 1041 892 habebatur.

318 920 457 951 Tiberio
480 921 678 961 imperatore
700 919 838 950 fortasse
864 923 938 949 ante
963 922 1115 958 quartum
1127 918 1259 950 Tiberii
1278 930 1398 951 annum
1410 922 1438 962 8)
1460 920 1539 952 fasti
1561 920 1772 952 Praenestini
1794 925 1928 951 auctore

185 979 309 1010 Verrio
333 978 451 1009 Flacco
474 978 606 1019 publice
633 977 797 1019 propositi
820 980 897 1007 sunt
922 976 957 1007 in
982 975 1153 1016 superiore
1176 976 1243 1008 fori
1264 981 1355 1018 parte
1377 979 1533 1011 marmori
1552 978 1659 1020 perite
1681 977 1792 1009 incisi.
1837 975 1927 1007 Male

186 1046 201 1066 a
226 1035 398 1065 nonnullis
424 1035 457 1065 id
482 1037 546 1065 iam
569 1036 721 1075 Augusto
744 1035 924 1074 imperante
947 1033 1069 1064 sactum
1092 1042 1161 1065 esse
1184 1035 1406 1076 contenditur,
1431 1047 1543 1078 quum,
1569 1041 1606 1067 ut
1627 1035 1693 1067 alia
1714 1034 1925 1077 praetermit-

186 1098 309 1132 tantur,
334 1093 387 1124 die
409 1092 499 1125 V111
522 1097 596 1123 ante
619 1091 679 1124 cal.
705 1091 785 1124 Mai.
810 1091 845 1122 in
868 1090 963 1122 fastis
986 1089 1213 1123 Praenestinis
1230 1091 1401 1133 Augustus
1420 1094 1520 1125 divus
1536 1093 1732 1135 appelletur,
1756 1097 1788 1123 et
1807 1091 1925 1123 rectis-

185 1151 267 1180 sime
289 1151 370 1181 Rud.
397 1149 585 1189 Merckel⁹)
612 1150 801 1190 comprobat
828 1148 929 1179 fastos
961 1148 1077 1180 Praen.
1111 1160 1175 1180 non
1210 1155 1285 1181 ante
1316 1152 1503 1192 propositos
1539 1162 1608 1184 esse
1639 1162 1734 1192 quam
1766 1149 1924 1182 Tiberius

184 1205 333 1236 calendas
356 1206 512 1245 Apriles,
542 1216 623 1247 quae
648 1206 709 1237 sub
730 1205 882 1245 Augusto
906 1204 1048 1234 nefastae
1072 1205 1222 1244 fuerant,
1253 1207 1353 1238 fastas
1377 1209 1587 1241 reddidisset.
1633 1209 1742 1247 Quum
1764 1207 1857 1238 Fasti
1882 1206 1925 1237 li-

184 1263 292 1293 beram
316 1264 493 1303 municipii
516 1263 745 1294 auctoritatem
771 1272 874 1303 neque
897 1260 1045 1292 coloniae
1070 1262 1216 1294 omnium
1236 1273 1346 1295 rerum
1377 1264 1597 1297 obedientiam
1622 1264 1816 1302 exhibeant,
1848 1272 1924 1303 pro-

183 1319 293 1350 babile
312 1320 460 1359 videtur,
486 1331 540 1351 eos
566 1320 699 1360 publice
723 1320 911 1360 propositos
937 1329 1007 1349 esse
1029 1323 1199 1359 postquam
1215 1320 1392 1354 Praeneste
1416 1333 1433 1353 a
1449 1323 1591 1365 Tiberio>
1607 1323 1643 1354 in
1662 1320 1839 1361 municipii
1858 1319 1924 1351 for-

183 1387 265 1406 mam
292 1376 459 1403 redactum
486 1381 543 1404 est..
591 1375 706 1404 Ferias
729 1376 878 1410 quidem,
902 1385 981 1412 quae
1004 1375 1060 1404 IX
1086 1375 1156 1406 Cal.
1180 1377 1259 1408 Mai.
1289 1380 1402 1411 erant,
1434 1379 1512 1407 fasti
1538 1378 1747 1406 Praenestini
1778 1381 1924 1413 praeter-

182 1432 320 1463 mittunt
343 1429 505 1468 illumque
526 1427 612 1457 diem
637 1425 756 1456 fastum
778 1435 847 1455 esse
870 1429 985 1455 notant
1006 1429 1102 1464 atque
1126 1425 1196 1456 dies
1216 1426 1382 1459 Alliensis
1412 1429 1497 1468 (XV
1520 1429 1590 1461 Cal.
1612 1429 1715 1470 Aug.)
1730 1453 1740 1470 ‚
1772 1432 1925 1472 quamvis

182 1491 353 1529 Augustus
378 1497 450 1518 eum
475 1495 560 1516 anno
583 1483 653 1515 fere
671 1484 736 1516 746
763 1482 872 1513 abesse
897 1482 1097 1521 decreverit,
1119 1482 1338 1516 nihilominus
1362 1486 1399 1516 in
1421 1485 1517 1518 fastis
1532 1486 1759 1518 Praenestinis
1783 1497 1922 1519 comme-

182 1550 343 1584 moratur,
368 1544 425 1584 qui
446 1545 521 1583 post
540 1541 622 1572 illud
645 1540 809 1572 decretum
833 1539 997 1578 propositi
1022 1540 1178 1579 sunt10),
1199 1540 1275 1574 alia.
1321 1542 1472 1585 Denique
1503 1548 1610 1577 statua
1643 1544 1763 1577 Verrii
1797 1544 1921 1586 Flacci,

226 1694 250 1729 1)
272 1694 394 1721 Sueton.
417 1692 521 1720 Tiber.
545 1700 569 1719 c.
594 1689 622 1719 4.

223 1742 249 1779 ²)
272 1744 318 1770 De
341 1743 416 1769 bona
436 1740 617 1776 municipum
638 1738 817 1766 condicione
838 1743 937 1766 nostra
954 1743 1048 1766 aetate
1076 1739 1241 1775 complures
1262 1740 1322 1768 viri
1353 1742 1432 1770 docti
1457 1743 1669 1773 disseruerunt.
1712 1745 1807 1772 Etiam
1829 1744 1922 1774 Peru-

260 1793 320 1821 sini
344 1791 421 1820 omni
444 1790 578 1818 coloniae
599 1790 744 1817 Romanae
768 1789 833 1816 iure
854 1790 1009 1817 utebantur
1029 1794 1058 1816 et
1083 1789 1242 1826 municipii
1264 1790 1467 1819 condicionem
1490 1792 1681 1828 repetierunt.
1724 1793 1837 1822 Grotes.
1861 1795 1880 1822 Ι.
1901 1797 1919 1822 l.

258 1844 314 1875 IV,
333 1852 362 1877 p.
386 1842 435 1869 51.

222 1889 250 1926 ³)
271 1892 408 1917 Fortasse
429 1898 504 1916 anno
528 1890 562 1918 17
584 1899 612 1925 p.
624 1890 693 1918 Chr.
715 1897 743 1917 n.
767 1890 886 1916 Gruter.
909 1888 998 1916 inser.
1017 1888 1082 1921 160,
1102 1889 1130 1921 2,
1152 1894 1232 1916 certe
1253 1894 1321 1917 ante
1340 1898 1444 1918 annum
1465 1892 1514 1925 26,
1536 1901 1595 1927 quo
1615 1891 1757 1920 Tiberius
1776 1892 1846 1921 odio
1867 1895 1921 1922 hu-

259 1939 335 1967 mani
358 1939 477 1973 generis
497 1939 589 1966 Roma
607 1947 743 1973 egressus
765 1944 819 1966 est.

221 1987 249 2024 ⁴)
271 1989 430 2016 Suetonius
451 1987 607 2014 Tiberium
630 1988 844 2023 principem
867 1987 927 2015 sere
946 1995 1063 2023 semper
1084 1988 1159 2015 bona
1179 1988 1349 2017 valetudine
1368 1997 1451 2018 usum
1472 1999 1538 2019 esse
1558 1996 1654 2019 narrat
1675 1990 1760 2027 (Tib.
1781 1991 1844 2028 68),
1867 1994 1918 2022 sed

259 2038 389 2073 Augusti
412 2037 539 2073 epistola
559 2036 644 2072 (Tib.
665 2036 719 2072 21)
741 2037 797 2064 huc
817 2036 970 2065 reserenda
989 2037 1119 2065 videtur.

219 2088 248 2125 ⁵)
270 2088 392 2117 Sueten.
415 2087 517 2114 Tiber.
541 2086 590 2115 63.
612 2098 651 2106 —
676 2084 702 2122 θ)
723 2086 846 2116 Sueton.
869 2087 888 2117 l.
911 2086 932 2116 l.
954 2086 1002 2117 37.
1026 2101 1064 2109 --
1089 2084 1115 2123 ⁷)
1137 2086 1206 2115 Tac.
1227 2095 1291 2117 ann.
1314 2089 1371 2123 111,
1393 2089 1443 2119 60.

217 2138 246 2174 Θ)
266 2137 398 2173 Foggin.
420 2136 456 2163 ad
478 2137 542 2164 fast.
564 2136 669 2163 Praen.
693 2145 716 2163 e.
740 2138 793 2165 IX.

218 2187 245 2222 ⁹)
267 2189 313 2216 De
342 2185 429 2214 fastis
460 2185 509 2219 qui
543 2186 682 2213 dicuntur
706 2185 896 2221 Maphaeanis
916 2186 1097 2216 schediasma
1117 2187 1240 2225 scripsit
1261 2188 1339 2219 Rud.
1360 2189 1478 2219 Merkel
1505 2187 1676 2227 (Beitfdytift
1696 2188 1743 2227 fiir
1763 2192 1805 2223 bie
1823 2190 1917 2224 mter:

256 2232 539 2271 tbumemiffensmaft
562 2234 638 2264 1840
658 2244 703 2263 nr.
720 2235 758 2264 69
780 2245 808 2273 p.
831 2235 905 2272 562)

200 2286 242 2322 10)
263 2287 381 2314 Merkel
402 2287 421 2315 l.
445 2286 466 2315 l.
490 2294 544 2313 nro
566 2285 605 2314 70
626 2294 656 2321 p.
676 2285 746 2314 568.
