2208 2709
1164 15 1210 53 16

310 138 381 177 ipse
400 138 495 169 urbis
516 137 679 176 originem
699 146 717 168 a
731 137 798 169 diis
820 138 926 178 repeti
948 137 1032 167 haud
1055 136 1184 166 invitus
1202 135 1293 174 tulit,
1315 145 1414 176 quum
1434 139 1627 176 praesertim
1650 136 1796 178 expulsis
1814 146 1856 169 ex
1875 136 1972 169 Latio
1994 135 2051 168 Si-

314 194 398 226 culis
419 193 531 225 Latini
556 193 683 235 populi,
707 199 742 225 ut
770 193 965 234 oppidorum
986 193 1094 234 gloria
1127 197 1323 234 augeretur,
1356 193 1519 235 originem
1550 195 1590 225 ab
1619 193 1884 236 Aboriginibus,
1917 204 2012 236 quam
2032 203 2050 225 a

314 252 443 291 graecis
467 251 656 282 hominibus
680 251 754 281 duci
781 249 929 282 mallent.
976 251 1086 292 Atque
1108 251 1193 282 mira
1217 255 1268 281 est
1291 251 1478 283 similitudo
1504 252 1592 283 inter
1616 251 1698 283 hanc
1723 253 1761 283 de
1784 252 1958 284 Praeneste
1979 250 2050 292 pri-

311 318 396 339 mam
419 308 535 339 samam
561 312 591 338 et
610 317 691 346 eam,
717 317 797 347 quae
821 307 859 339 de
877 307 998 339 Romae
1019 308 1150 348 origine
1168 306 1272 348 vulgo
1288 307 1406 348 fertur,
1432 319 1471 339 ex
1488 318 1549 349 qua
1564 318 1598 339 re
1618 307 1771 339 concludi
1787 318 1880 349 posse
1900 307 2049 347 videtur,
2094 332 2097 337 .

314 365 600 395 Praenestinorum
624 364 768 396 fabulam
798 366 897 396 talem
921 376 986 396 non
1008 365 1194 405 antiquitus
1218 371 1421 406 enarratam,
1452 365 1507 397 sed
1540 365 1574 395 in
1604 364 1686 395 hanc
1718 364 1855 396 formam
1888 364 2050 396 redactam

313 432 403 460 esse,
427 431 522 462 quum
544 430 622 460 gens
641 420 866 453 Caeciliorum
888 423 951 460 jam
968 423 1003 453 in
1028 427 1165 463 utraque
1190 423 1270 454 urbe
1295 423 1433 455 multum
1455 421 1583 454 valeret
1600 421 1648 462 ¹),
1672 426 1703 453 et
1726 420 1844 462 oppida
1868 420 1959 453 Latii
1980 419 2049 452 ori·
2096 462 2099 464 q

312 479 418 518 ginem
442 477 638 517 primordiis
664 478 784 510 Romae
806 479 950 510 similem
975 480 1110 512 reddere
1133 481 1314 512 studerent.

437 534 547 565 Multo
571 535 780 576 probabilior
804 541 836 568 et
858 537 920 569 fide
941 539 1044 579 magis
1069 538 1165 578 digna
1190 542 1239 568 est
1260 537 1363 568 altera
1387 536 1583 568 Graecorum
1598 535 1694 575 fama,
1716 544 1795 576 quae
1814 533 1927 566 urbem
1945 532 2051 575 pelas·
2100 536 2103 541 '

310 591 399 631 gicae
424 592 568 631 originis
595 603 663 623 esse
689 593 784 624 docet
798 594 836 633 2).
883 595 971 626 Haec
996 596 1182 626 Praenestis
1214 596 1328 636 oppidi
1359 595 1452 634 origo
1482 593 1663 624 certissime
1694 593 1858 623 moenium
1887 595 2052 622 structura
2101 583 2104 586 Δ

313 648 566 689 comprobatur,
591 650 635 679 ita
659 654 695 679 nt
719 650 778 680 hac
799 650 838 681 de
861 661 897 682 re
923 652 1070 684 dubitari
1105 662 1207 694 paene
1233 661 1298 681 non
1321 651 1442 692 possit,
1473 650 1623 691 quamvis
1651 648 1787 680 dubium
1815 648 1886 688 sit,
1920 647 2052 689 quinam

313 704 408 735 heros
430 705 544 736 urbem
567 706 765 739 condiderit.

440 762 485 792 L't
507 763 541 793 in
565 762 707 804 reliquis
728 763 818 794 Latii
838 764 989 804 oppidis,
1014 764 1062 794 sic
1085 763 1260 794 Praeneste
1284 774 1411 806 quoque
1434 774 1450 794 a
1472 763 1639 806 principio
1661 772 1752 802 reges
1776 761 1920 793 fuerunt.
1966 760 2051 792 Nam

315 819 450 850 minime
474 819 536 851 fide
558 819 692 859 dignum
712 819 859 860 videtur,
883 820 968 862 quod
980 820 1106 853 Grotef.
1131 820 1153 852 l.
1168 820 1190 851 1.
1211 820 1276 860 111,
1297 822 1339 855 29
1366 825 1477 853 contra
1500 830 1611 861 regum
1633 819 1724 850 Latii
1749 818 1921 850 historiam
1942 817 2050 857 affert,

314 886 413 915 quum
437 876 657 907 Romanorum
678 887 770 918 reges
788 877 953 922 imprimis
976 883 1112 920 propter
1134 878 1203 920 ipsa
1220 889 1332 909 eorum
1351 878 1483 909 nomina
1509 889 1574 909 non
1591 877 1739 908 extitisse
1755 875 2000 906 existimaverit
2010 875 2050 915 ³).

312 932 426 974 Neque
448 934 655 973 comprobari
679 944 783 977 neque
806 934 994 966 verisimile
1017 935 1111 966 reddi
1134 939 1253 976 potest,
1277 935 1341 965 toti
1361 934 1457 965 Latio
1474 945 1574 965 unum
1591 943 1698 974 regem
1715 932 1910 974 imperasse3
1933 940 2051 962 verum

312 989 445 1020 omnino
469 990 593 1032 regiam
617 996 810 1033 potestatem
838 992 946 1034 primo
969 997 1115 1035 tempore
1146 993 1182 1024 in
1208 992 1360 1024 omnibus
1381 992 1448 1023 sere
1481 992 1570 1024 Latii
1601 991 1732 1035 oppidis
1761 989 1908 1022 valuisse
1936 987 2051 1030 negari
2105 984 2108 988 ’

310 1057 374 1077 non
396 1053 512 1088 potest.
559 1049 792 1081 Praenestinos
816 1061 833 1082 a
858 1051 1025 1094 principio
1049 1051 1182 1091 regibus
1203 1051 1351 1091 paruisse
1374 1050 1457 1083 sama
1484 1055 1545 1090 est,
1569 1060 1665 1090 quam
1687 1059 1754 1079 rem
1778 1048 1878 1087 Regia
1900 1056 2050 1086 compro-

312 1104 377 1143 bat,
403 1115 483 1144 quae
508 1105 685 1137 Praeneste
710 1111 746 1138 ut
766 1107 885 1139 Romae
907 1112 985 1140 erat.
1033 1107 1073 1139 In
1095 1107 1386 1139 Praenestinorum
1400 1107 1501 1147 Regia
1523 1106 1644 1137 Martis
1665 1105 1755 1136 hasta
1775 1104 1879 1145 ipsius
1902 1103 1955 1135 dei
1978 1102 2051 1133 loco

310 1160 480 1193 colebatur
491 1162 529 1202 4).
574 1163 746 1204 Virgilius
769 1165 913 1206 primum
936 1175 1046 1206 regem
1072 1170 1104 1196 et
1127 1165 1332 1197 conditorem
1349 1165 1539 1196 Praenestis
1562 1163 1676 1205 oppidi
1697 1162 1871 1194 Caeculum
1890 1160 2050 1199 nominat,

311 1228 404 1257 quem
427 1219 551 1249 socium
574 1221 681 1251 anni
705 1227 818 1252 contra
841 1223 986 1253 Aeneam
1006 1233 1164 1262 pugnasse
1190 1223 1293 1253 refert
1317 1221 1416 1261 (Aen.
1438 1221 1521 1260 VII,
1546 1221 1636 1259 651).
1682 1219 1728 1250 At
1750 1228 1832 1249 vero
1857 1218 1961 1248 altero
1979 1216 2051 1246 loco

311 1273 415 1312 (VIII
438 1276 517 1315 563)
539 1276 601 1313 jam
624 1277 719 1318 prior
741 1278 1031 1311 Praenestinorum
1053 1290 1112 1311 rex
1132 1283 1406 1311 commemoratur
1428 1277 1578 1317 neruus,
1605 1286 1699 1318 quem
1716 1274 1871 1307 Evander
1887 1274 1946 1306 sub
1969 1273 2052 1314 ipsis

313 1331 505 1363 Praenestis
529 1333 701 1364 moenibus
737 1344 794 1365 sua
816 1346 849 1365 se
872 1347 969 1366 mann
991 1337 1199 1368 interfecisse
1231 1337 1406 1376 gloriatur.
1453 1335 1496 1366 Et
1526 1335 1643 1373 Nibby
1674 1333 1805 1371 quidem
1835 1331 1872 1368 (1·
1886 1331 1909 1360 l·
1932 1341 1962 1370 P·
1988 1332 2051 1362 264

311 1398 406 1427 quem
430 1398 496 1428 seq.
521 1388 599 1420 Chr.
622 1390 749 1420 Mulier
772 1390 793 1422 l.
815 1391 837 1422 1.
861 1403 891 1430 p.
912 1393 992 1430 366)
1012 1392 1388 1430 suspicatur,·ner1·1um
1412 1390 1525 1419 urbem
1543 1387 1743 1426 condidisse,
1771 1386 1946 1418 Caeculum
1968 1397 2051 1418 vero

312 1444 443 1474 eandem
465 1444 659 1485 ampliorem
682 1445 888 1483 reddidisse;
918 1447 953 1477 id
983 1447 1070 1486 quod
1099 1447 1235 1476 minime
1256 1445 1446 1476 verisimile
1469 1444 1616 1475 videtur.
1663 1444 1834 1484 Virgilius
1858 1444 1942 1475 Aen.
1965 1444 2049 1483 VII,

310 1501 371 1532 0⁵31
398 1500 469 1530 sine
503 1500 603 1530 dubio
636 1500 765 1532 Aeneae
797 1502 907 1532 hostes
935 1506 1082 1533 recenset
1105 1511 1142 1533 eo
1167 1501 1331 1541 consilio,
1363 1505 1400 1532 ut
1427 1500 1567 1541 primam
1596 1499 1686 1531 Latii
1717 1500 1911 1542 oppidorum
1935 1499 2050 1531 famam

311 1558 483 1587 occasione
504 1556 611 1587 oblata
636 1558 792 1589 recitaret
806 1561 834 1598 ⁵)
849 1582 858 1598 ,
884 1569 945 1599 qna
969 1569 1005 1590 re
1028 1559 1148 1590 factum
1171 1563 1232 1598 est,
1255 1563 1291 1588 ut
1314 1558 1489 1589 Caeculnm
1513 1569 1607 1599 quem
1634 1559 1839 1590 conditorem
1864 1562 1952 1589 ntota
1980 1567 2051 1589 cre-

312 1615 397 1645 didit
423 1620 530 1645 aetasu
556 1613 617 1644 illo
640 1614 712 1646 loco
733 1620 1011 1649 commemoraret.
1061 1616 1149 1655 Qitae
1170 1626 1264 1646 causa
1293 1626 1391 1657 quum
1412 1615 1516 1647 altero
1531 1616 1602 1647 loco
1627 1615 1743 1656 (VIII,
1762 1617 1842 1656 563)
1866 1625 1931 1646 non
1954 1620 2051 1656 esset,

314 1677 366 1702 aut
391 1682 450 1712 per
478 1672 763 1704 anachronismum
785 1673 956 1714 Virgilius
983 1673 1137 1705 Herilum
1160 1677 1233 1704 ante
1258 1672 1432 1705 Caeculum
1457 1673 1744 1706 Praenestinorum
1774 1684 1883 1715 regem
1913 1683 2051 1704 comme—

358 1788 383 1824 ¹)
404 1790 553 1818 Caecilios
575 1799 613 1818 ex
637 1795 719 1827 parte
740 1799 815 1818 anno
835 1789 893 1819 315
914 1798 939 1819 a.
961 1790 1031 1820 Chr.
1059 1790 1218 1818 Praeneste
1240 1791 1358 1818 Romam
1381 1788 1540 1825 emigrasse
1560 1789 1679 1818 Petrini
1701 1789 1741 1826 (s.
1762 1799 1788 1818 a.
1812 1788 1849 1826 1.)
1871 1792 2050 1827 comprobat.

358 1839 384 1874 ἓ)
412 1841 456 1867 Cs.
476 1841 644 1868 Zenodotus
660 1849 695 1876 ap
718 1840 814 1868 Solin.
838 1841 882 1867 lx
904 1846 932 1867 et
953 1840 1055 1877 Steph.
1077 1842 1200 1877 Byzant.
1213 1849 1236 1871 s,
1247 1850 1275 1870 v.
1287 1842 1322 1870 cf.
1334 1851 1362 1877 p.
1380 1841 1398 1871 7
1413 1849 1441 1870 n,
1455 1841 1481 1869 Ι.
1523 1840 1672 1870 Plutarch.
1695 1841 1715 1869 l.
1740 1841 1760 1869 l.
1785 1841 1895 1869 Verum
1908 1841 2057 1877 Telegoni,

393 1893 465 1919 sama
485 1892 521 1918 ad
544 1893 702 1919 Tusculum
721 1899 854 1928 spectare
873 1892 1001 1927 videtur,
1021 1895 1111 1922 Dion.
1134 1894 1199 1922 Hal.
1215 1895 1260 1923 lv
1279 1904 1309 1930 p,
1329 1895 1393 1923 183.
1436 1893 1541 1921 Strabo
1563 1894 1602 1926 V,
1619 1894 1647 1927 3,
1670 1895 1702 1922 ll
1726 1890 1813 1931 φασὶ
1831 1889 2051 1933 δ’ἀμφοτέρας

401 1940 563 1983 (Τίβουρα
585 1941 641 1972 καὶ
664 1941 889 1984 Πραίνεστον)
917 1942 1083 1982 ἕλληνίδας
1105 1941 1227 1980 πόλεις,
1267 1948 1393 1976 Abeken
1420 1957 1449 1984 p.
1479 1947 1529 1976 76.
1581 1948 1651 1977 Chr.
1680 1949 1788 1976 Miiller
1814 1948 1834 1976 l.
1858 1948 1878 1976 Ι.
1908 1948 1923 1975 1
1949 1958 1976 1985 p.
2003 1948 2048 1978 18.

394 1996 442 2023 De
464 1996 577 2023 Tibure
598 1996 698 2024 vicino
718 1996 788 2025 vide
807 1995 901 2025 Solin.
926 1997 946 2026 1.
971 1997 991 2027 l.

355 2043 384 2081 3)
405 2045 545 2075 Quamvis
565 2046 640 2073 alter
659 2046 840 2081 Tarquinius
862 2055 894 2074 se
915 2056 973 2074 non
995 2046 1060 2082 ipse
1087 2047 1284 2084 appellaverit
1305 2047 1440 2075 Priscum
1466 2057 1561 2083 neque
1590 2049 1664 2078 alter
1691 2056 1723 2075 se
1750 2047 1930 2083 Superbum,
1957 2053 2052 2076 tamen

393 2095 470 2123 illud
493 2095 612 2130 quidem
635 2104 691 2123 non
711 2095 850 2129 sufficiet,
874 2101 904 2123 ut
924 2105 975 2124 eos
996 2096 1114 2124 omnino
1136 2105 1192 2124 non
1215 2097 1306 2124 fuisse
1327 2098 1540 2127 existimemus.
1582 2097 1706 2126 Scilicet
1721 2096 1854 2132 quamvis
1868 2106 1904 2124 ne
1923 2097 1969 2126 illi
1986 2097 2054 2132 qui-

392 2146 456 2173 dem
480 2154 566 2181 reges
590 2146 711 2179 suerint,
735 2154 809 2181 quos
833 2146 1026 2174 Romanorum
1049 2147 1121 2174 sama
1142 2147 1228 2176 nobis
1248 2147 1381 2181 tradidit,
1405 2148 1488 2183 regia
1509 2154 1638 2185 potestas
1659 2148 1719 2176 viri
1747 2146 1834 2174 unius
1861 2147 2054 2176 nihilominus

392 2194 533 2222 extitisse
555 2202 664 2232 potest.
708 2196 753 2225 cf.
777 2197 894 2223 Lorenz
917 2197 953 2223 de
977 2197 1112 2226 dictator.
1139 2198 1187 2226 lat.
1208 2203 1246 2225 et.
1269 2198 1375 2226 munic.
1399 2198 1546 2226 Grimmae
1569 2198 1642 2228 1841
1666 2203 1740 2234 part.
1762 2197 1786 2230 1,
1809 2205 1840 2233 p.
1859 2197 1888 2227 5.

354 2242 382 2278 ⁴)
406 2245 537 2279 Hartung
558 2246 577 2273 1.
596 2246 616 2275 l.
638 2246 678 2280 11,
704 2245 770 2275 155.
813 2259 853 2265 —-
893 2245 920 2281 ⁵)
941 2247 986 2275 Cf.
1010 2247 1084 2275 Aen.
1104 2247 1174 2280 vll,
1197 2247 1264 2276 641.
1288 2257 1316 2282 q.
1339 2256 1400 2282 seq.
