2208 2709
6 1259 21 1353 μὲν
10 1238 18 1250 ,ι
15 1206 18 1210 t

106 759 279 820 Servius
303 788 343 820 ad
363 786 503 820 Aeneid.
522 786 605 828 VII,
620 788 703 822 678:
729 788 789 820 nde
811 787 1007 820 civitatibus
1027 788 1131 821 totius
1152 788 1257 829 orbis,
1282 787 1405 830 inquit,
1428 786 1525 819 multi
1542 787 1671 829 quidem
1690 798 1730 819 ex
1746 791 1839 829 parte

104 846 328 887 scripserunt3
350 845 389 878 ad
410 844 543 887 plenum
566 850 675 878 tamen
697 844 904 879 Ptolemaeus
928 856 1055 888 graece,
1080 846 1181 878 latine
1203 846 1360 886 Plinius3
1386 845 1423 878 de
1446 844 1561 877 latinis
1581 845 1680 877 etiam
1694 844 1839 887 Higinus

106 901 298 944 plenissime
328 903 464 945 scripsit
495 907 527 935 et
557 902 637 935 Cato
652 902 677 944 ¹)
710 903 747 934 in
774 904 994 945 originibusu.
1051 904 1177 936 Verum
1202 915 1306 946 neque
1331 903 1448 935 horum
1470 913 1548 944 quae
1570 903 1672 935 adhuc
1695 907 1836 942 exstant,

104 970 207 1000 neque
231 959 373 992 aliorum
394 966 545 992 veterum
574 961 774 1002 scriptorum
797 962 899 1003 libri,
922 973 1003 1004 quos
1020 962 1245 1004 praetermisit
1269 961 1430 1002 Servius,
1454 961 1629 1003 quidquam
1649 959 1763 992 valere
1782 959 1837 991 vi-

103 1016 234 1057 dentur,
259 1016 289 1049 si
311 1017 386 1059 quis
405 1018 590 1051 accuratius
611 1018 648 1049 in
670 1018 876 1060 singularum
899 1018 1016 1051 Italiae
1041 1019 1174 1051 urbium
1188 1019 1363 1050 historiam
1379 1019 1531 1059 inquirit.
1576 1018 1684 1059 Atqui
1696 1016 1836 1048 historia

104 1074 299 1115 oppidorum
329 1074 445 1106 Italiae
476 1080 508 1107 et
541 1076 706 1117 imprimis
732 1076 822 1108 Latii
850 1077 986 1110 maximi
1012 1082 1060 1110 est
1082 1077 1239 1110 momenti
1269 1077 1308 1109 ad
1342 1077 1447 1119 ipsius
1469 1076 1587 1109 Romae
1610 1074 1838 1108 condicionem

103 1126 185 1162 bene
208 1131 504 1173 pervestigandam.
548 1132 592 1164 Et
613 1133 766 1175 quamvis
789 1133 946 1176 permulti
969 1134 1041 1165 viri
1060 1134 1148 1165 docti
1172 1134 1210 1165 de
1233 1134 1376 1174 singulis
1394 1134 1550 1165 Graeciae
1572 1133 1711 1164 urbibus
1732 1131 1838 1163 libros

104 1190 138 1217 et
160 1186 292 1219 libellos
315 1188 534 1230 scripserint:
561 1191 646 1231 quod
668 1191 706 1222 ad
728 1191 846 1223 Italiae
871 1191 989 1233 oppida
1009 1192 1128 1223 attinet
1149 1191 1243 1223 labor
1268 1196 1371 1223 restat
1391 1191 1459 1222 fere
1482 1191 1629 1231 integer,
1662 1187 1731 1219 nisi
1752 1186 1840 1219 forte

104 1244 258 1275 materies
279 1245 425 1287 undique
445 1246 583 1279 collecta
609 1253 641 1279 et
659 1259 770 1280 rerum
794 1249 1018 1290 factorumque
1042 1249 1206 1290 indigesta
1228 1247 1331 1280 moles
1355 1248 1495 1279 historia
1520 1246 1739 1278 existimatur.

233 1301 395 1344 Equidem
414 1302 590 1337 Praeneste
611 1306 696 1337 mihi
720 1306 849 1347 delegi,
874 1306 959 1347 quod
981 1306 1136 1347 oppidum
1158 1305 1244 1336 haud
1270 1305 1371 1344 parvi
1392 1304 1551 1334 momenti
1577 1308 1626 1334 est
1653 1302 1693 1334 ad
1713 1300 1840 1333 descri-

104 1358 224 1391 bendas
249 1367 360 1389 omnes
382 1370 435 1389 eas
458 1371 530 1398 res,
554 1374 635 1398 quae
654 1353 694 1395 ad
716 1364 902 1404 historiam,
925 1362 965 1395 ad
985 1373 1089 1404 sacra,
1112 1362 1151 1394 ad
1176 1366 1278 1393 totam
1300 1361 1439 1402 denique
1452 1360 1672 1392 Romanorum
1694 1358 1839 1400 antiqui-

106 1419 205 1446 tatem
231 1414 408 1455 pertinent.
454 1414 522 1444 Ubi
550 1414 605 1444 hic
634 1414 769 1444 libellus
794 1416 859 1444 iam
885 1420 924 1444 ad
954 1420 1144 1444 nnemrfene
1168 1419 1342 1454 perunctus
1368 1418 1453 1454 fuit,
1476 1418 1605 1445 certior
1624 1417 1730 1446 factus
1753 1426 1840 1456 sum,

106 1470 248 1503 oblatam
267 1481 336 1503 esse
356 1470 560 1502 occasionem
583 1470 713 1512 legendi
735 1469 877 1502 aliorum
901 1469 1056 1501 virorum
1080 1469 1206 1510 libros,
1237 1480 1318 1511 quos
1345 1470 1383 1500 de
1416 1470 1525 1501 eadem
1549 1470 1840 1502 Praenestinorum

106 1528 248 1559 historia
278 1528 477 1568 scripserint
490 1529 528 1568 ²).
573 1528 730 1559 Attamen
756 1538 823 1558 non
852 1527 1000 1568 poenitet
1027 1527 1138 1568 operis
1169 1528 1313 1567 incepti;
1345 1538 1419 1558 nam
1450 1528 1544 1559 cuius
1574 1528 1625 1559 rei
1648 1528 1781 1560 Petrini
1802 1529 1839 1560 in

107 1584 307 1626 praefatione
320 1595 374 1616 eos
393 1588 534 1624 accusat,
555 1584 613 1626 qui
634 1589 707 1616 ante
724 1584 831 1626 ipsum
846 1582 1137 1615 Praenestinorum
1158 1583 1330 1614 historiam
1347 1584 1563 1623 scripserunt,
1590 1585 1698 1615 eadem
1717 1586 1840 1616 maiore

107 1642 206 1672 etiam
226 1642 298 1672 iure
321 1642 358 1673 in
382 1642 489 1682 ipsum
513 1643 603 1673 verti
626 1646 754 1682 potest,
784 1642 903 1682 quippe
927 1641 984 1681 qui
1006 1646 1075 1672 arte
1107 1640 1225 1672 critica
1249 1650 1385 1682 prorsus
1417 1640 1508 1672 nulla
1538 1641 1683 1672 adhibita
1713 1642 1752 1672 de
1782 1642 1838 1682 iis,

107 1707 188 1740 quae
212 1708 229 1730 a
254 1697 475 1740 scriptoribus
496 1708 562 1729 non
588 1702 906 1737 commemorantur,
941 1708 981 1729 ex
1003 1697 1193 1734 voluntate,
1222 1706 1288 1727 non
1313 1707 1352 1728 ex
1375 1697 1500 1728 iudicio
1523 1697 1734 1737 disseruerit,
1759 1709 1838 1739 quae

150 1785 177 1822 ¹)
198 1786 283 1815 Solin
303 1788 359 1816 lx.
391 1787 450 1815 Sed
470 1788 558 1815 Italia
579 1793 656 1815 tanta
677 1796 745 1815 cura
766 1789 802 1814 ab
824 1786 958 1814 omnibus
980 1787 1060 1815 dicta
1077 1792 1132 1820 est,
1151 1788 1311 1824 praecipue
1331 1797 1347 1816 a
1367 1789 1408 1816 M.
1439 1788 1559 1820 Catone,
1581 1790 1612 1814 ut
1634 1786 1690 1814 iam
1708 1785 1837 1814 inveniri

185 1845 245 1865 non
265 1836 378 1873 possit,
401 1836 480 1871 quod
502 1845 558 1864 non
581 1841 711 1865 veterum
731 1836 963 1872 praesumpserit
983 1836 1152 1871 diligentia.

151 1885 178 1922 2)
199 1886 370 1915 Suaresius:
399 1886 527 1914 historia
547 1886 702 1914 Praenest.
726 1885 756 1913 in
777 1886 884 1914 Graev.
915 1891 944 1913 et
962 1887 1061 1914 Burm.
1083 1887 1158 1914 thes.
1179 1886 1270 1920 antiq.
1293 1891 1322 1914 et
1343 1885 1445 1915 histor.
1468 1885 1531 1914 Ital.
1556 1885 1590 1913 T.
1612 1885 1698 1915 vm.
1721 1885 1759 1915 P.
1779 1885 1836 1915 IV.

184 1935 330 1963 Leonard.
360 1935 502 1962 Cecconi:
530 1935 622 1962 storia
649 1935 680 1962 di
710 1935 901 1963 Palaestrina.
943 1934 1047 1962 Ascoli
1078 1934 1162 1964 1756.
1204 1936 1261 1962 Hic
1289 1936 1368 1963 liber
1394 1935 1466 1963 mihi
1495 1935 1531 1962 ad
1557 1943 1669 1963 manum
1694 1944 1751 1963 non
1769 1935 1837 1969 suit,

227 1993 326 2013 verum
346 1984 474 2018 Petrini,
497 1983 581 2012 cuius
602 1984 710 2012 librum
732 1984 803 2019 legi,
827 1984 880 2012 illo
902 1983 949 2011 vel
969 1983 1094 2011 maxime
1114 1991 1184 2012 usus
1206 1989 1260 2013 est.

186 2035 322 2062 Petrini:
342 2033 481 2060 memorie
503 2034 695 2061 Praenestine
717 2034 850 2070 disposte
870 2034 901 2061 in
916 2035 1020 2062 Forma
1040 2034 1072 2061 di
1094 2034 1203 2062 Annali
1224 2035 1316 2062 Roma
1335 2033 1424 2065 1795.

188 2082 334 2110 Antonius
353 2082 466 2118 Nibby‚
488 2081 538 2110 vir
559 2083 595 2109 de
623 2082 705 2110 Latii
733 2083 859 2110 historia
880 2083 988 2119 optime
1005 2083 1145 2115 meritus,
1165 2083 1194 2109 in
1215 2083 1312 2116 libro,
1334 2084 1386 2116 qui
1410 2081 1599 2110 inscribitur:
1621 2083 1743 2118 x-iaggio
1764 2082 1841 2109 anti-

226 2131 331 2167 quario
358 2131 555 2160 ne‘contorni
577 2132 608 2160 di
626 2133 727 2162 Roma.
770 2133 860 2161 Roma
883 2133 968 2163 1819.
993 2134 1108 2161 brevem
1137 2131 1220 2159 dedit
1244 2132 1395 2161 Praenest.
1416 2131 1560 2159 historiae
1582 2130 1840 2164 adumbrationem,

229 2189 332 2214 quam,
352 2186 385 2208 ut
405 2187 495 2208 totum
517 2182 600 2209 illum
620 2182 746 2216 librum,
767 2193 860 2219 paene
880 2184 915 2211 ad
937 2185 1056 2211 verbum
1079 2182 1245 2218 germanice
1265 2183 1369 2211 vertit:

191 2230 259 2259 Chr.
282 2229 406 2258 Miiller:
427 2227 486 2261 zie
508 2228 636 2269 tssmifcbe
660 2229 835 2270 &impugna
878 2241 903 2262 S.
927 2242 955 2262 V.
978 2233 1149 2266 Praeneste,
1170 2232 1303 2267 quamvis
1318 2232 1414 2260 omnia
1429 2240 1481 2259 suo
1494 2231 1611 2259 nomine
1624 2232 1774 2268 professus
1790 2230 1840 2258 sit.
