2208 2709
915 16 962 56 13

73 146 135 178 hus
156 145 222 186 ipsi
243 148 276 175 et
297 142 407 175 coloni
434 146 465 172 et
494 137 674 179 municipes
693 137 869 170 utebantur
881 137 917 178 ¹).
962 136 1100 170 Eaedem
1122 136 1254 179 generis
1275 136 1435 180 polygoni
1459 138 1695 171 Praenestinae
1718 142 1796 173 reli-

73 202 169 244 quiae
190 200 303 232 urbem
324 201 359 231 in
386 196 568 237 complures
589 199 699 236 partes
719 195 861 226 divisam
883 195 985 226 fuisse
1014 199 1176 226 testantur
1188 195 1228 237 2).
1274 195 1492 236 Tripartitam
1528 206 1595 227 eam
1625 198 1727 229 fuisse
1759 209 1798 230 ex

73 256 293 291 similitudine
313 255 452 287 aliarum
474 253 590 286 Italiae
612 251 744 284 urbium
765 252 915 284 concludi
938 256 1047 293 potest
1057 251 1097 292 ³).

199 316 250 347 De
284 312 376 351 loco,
408 321 472 351 quo
506 311 615 341 forum
647 309 895 341 Praenestinum
928 310 1029 341 situm
1059 309 1180 348 suerit,
1211 308 1284 340 viri
1316 309 1403 340 docti
1433 310 1625 352 plerumque
1657 310 1702 341 ita
1730 311 1798 342 dis-

72 374 289 413 putaverunt,
315 373 351 399 ut
368 367 406 398 ad
425 367 567 397 radicem
582 366 703 396 montis
723 371 815 396 extra
831 367 958 396 moenia
979 365 1039 396 illa
1054 364 1216 406 polygona
1232 365 1333 395 fuisse
1348 368 1543 400 censuerint.
1592 368 1799 413 Scriptorum

72 429 154 460 locis
177 427 236 458 hoc
260 424 447 457 confirmari
470 423 596 464 nequit,
616 432 715 463 quum
735 423 869 453 omnino
889 422 974 469 nulli
994 423 1053 453 hac
1076 422 1114 453 de
1133 433 1169 453 re
1192 422 1417 454 inveniantur.
1466 424 1602 455 Scilicet
1625 435 1797 465 argumen-

70 490 139 516 tum
161 495 195 515 ea
217 484 251 515 in
276 493 310 514 re
333 481 402 512 sola
425 481 569 521 positum
592 484 659 519 est,
681 479 766 520 quod
785 485 928 519 statuae,
953 490 1032 520 quas
1054 480 1089 510 in
1112 479 1184 510 foro
1206 480 1329 519 positas
1353 479 1453 511 fuisse
1477 492 1606 512 necesse
1629 487 1700 521 est,
1736 482 1797 513 illo

70 542 143 574 loco
174 546 319 582 repertae
352 543 436 571 sunt.
482 538 530 569 At
558 547 641 568 vero
668 547 766 577 quum
792 537 855 568 iam
887 537 1051 569 decretum
1076 537 1289 569 decurionum
1311 537 1470 578 Praen.⁴)
1503 537 1703 570 demonstrat
1732 549 1797 570 non

69 608 177 631 omnes
198 602 318 628 statuas
340 598 375 627 in
397 597 469 627 soro
492 596 616 636 positas
638 595 761 635 fnisse,
797 600 866 626 tum
891 595 974 626 illud
998 596 1128 636 quidem
1158 601 1384 637 argumentum
1415 596 1501 627 nihil
1533 601 1692 637 testatur,
1728 598 1797 629 nisi

70 656 239 699 Syllanam
259 653 379 696 forum,
402 658 438 685 ut
460 653 519 684 hac
537 662 619 684 voce
641 657 727 693 utar,
752 657 843 683 extra
864 651 1033 693 antiquum
1057 653 1210 693 oppidum
1232 653 1331 684 situm
1355 653 1476 693 fuisse,
1509 665 1572 694 quo
1591 664 1701 685 omnes
1724 655 1795 695 pri-

69 713 151 743 stini
179 712 245 742 fori
277 716 399 742 statuas
422 721 439 741 a
463 710 555 741 Sulla
577 709 699 740 delatas
722 710 823 740 fuisse
850 715 1099 741 consentaneum
1122 715 1178 742 est.
1224 711 1333 750 Atque
1364 712 1398 741 id
1432 712 1555 750 ipsum,
1585 712 1670 752 quod
1703 712 1796 743 Sulla

68 774 172 801 totum
197 768 325 810 antiqui
346 767 534 799 Praenestis
558 766 670 808 oppidi
686 766 826 807 spatium
847 765 917 797 solo
937 766 1101 797 Fortunae
1124 766 1244 808 templo
1258 766 1417 807 explevit,
1443 767 1654 806 demonstrat,
1675 768 1795 806 sorum,

68 828 153 866 quod
179 837 217 857 ex
241 837 277 857 eo
303 832 447 867 tempore
472 831 563 857 extra
586 825 728 866 pristina
751 825 877 856 moenia
901 825 1000 856 situm
1019 830 1098 866 erat,
1125 830 1198 857 ante
1213 825 1338 857 Sullam
1353 825 1441 856 intra
1464 825 1591 856 moenia
1615 824 1673 856 illa
1695 826 1795 857 situm

68 882 178 914 fuisse.
223 882 363 914 Accedit
385 882 469 913 illud
491 882 576 923 quod
590 882 730 921 moenia,
754 882 873 922 quibus
899 882 1069 912 Sullanum
1091 883 1197 912 forum
1218 883 1362 912 cinctum
1378 888 1438 921 est,
1462 883 1563 912 solam
1576 882 1795 914 Romanorum

66 944 265 971 structuram
288 940 461 980 exhibent,
485 950 676 981 quamquam
698 938 791 970 Sulla
813 939 1060 980 quibuscunque
1085 938 1167 970 Iocis
1189 939 1322 971 invenit
1344 939 1499 980 pristinis
1523 940 1692 971 moenibus
1717 940 1794 971 sub-

68 995 234 1026 struendis
258 1006 335 1026 usus
358 1000 406 1026 est
416 996 456 1036 ⁵).
502 996 610 1036 Quum
629 1006 713 1027 vero
733 996 916 1036 antiquitus
938 1001 1062 1027 statuae
1084 997 1237 1027 virorum
1255 997 1292 1027 de
1313 997 1488 1027 Praeneste
1504 997 1586 1027 bene
1601 997 1795 1028 meritorum

17 1093 20 1098 Ι
68 1053 102 1084 in
121 1052 193 1084 foro
216 1058 416 1093 ponerentur
428 1054 474 1093 ⁶),
507 1052 653 1093 profecto
679 1052 764 1084 haud
786 1052 973 1084 verisimile
994 1053 1151 1095 videtur,
1180 1053 1289 1084 forum
1312 1053 1424 1094 oppidi
1461 1054 1589 1093 saepius
1618 1054 1796 1094 oppugnati

67 1110 158 1141 nullo
182 1111 344 1141 moenium
366 1110 532 1151 praesidio
554 1110 716 1142 munitum
737 1111 880 1142 hostium
902 1111 1123 1143 devastationi
1144 1117 1265 1143 temere
1287 1111 1431 1142 oblatum
1452 1111 1556 1142 fuisse
1567 1113 1605 1152 7).

16 1206 21 1211 ,
194 1167 357 1198 Fortunae
388 1168 619 1199 Praenestinae
651 1169 819 1209 antiquius
847 1169 1001 1209 templum
1033 1170 1072 1200 ad
1105 1169 1246 1201 medium
1275 1169 1343 1200 sere
1373 1174 1517 1200 montem
1547 1169 1647 1199 situm
1675 1172 1745 1198 erat
1766 1172 1798 1197 et

8 1210 33 1391 ᾗ
67 1232 212 1263 maguam
230 1223 369 1263 gloriam
392 1236 457 1256 non
478 1236 517 1256 ex
531 1225 665 1257 *aedium
685 1226 909 1266 magnitudine
934 1231 967 1257 et
985 1226 1170 1267 splendore,
1200 1226 1255 1257 sed
1279 1236 1319 1256 ex
1334 1225 1461 1256 oraculi
1479 1225 1623 1256 sortibus
1636 1225 1701 1255 sibi
1718 1235 1795 1255 con-

10 1308 14 1315 ,
65 1278 208 1312 ciliavit.
256 1280 349 1311 Sulla
371 1282 708 1322 magnificentissimis
730 1283 889 1314 aedificiis
913 1284 974 1314 hoc
997 1284 1154 1324 templum
1176 1283 1354 1313 exornavit
1374 1282 1432 1313 vel
1451 1282 1562 1320 potius
1576 1290 1699 1312 novum
1714 1285 1795 1310 tem-

11 1351 18 1355 -·
64 1334 155 1376 plum
176 1337 349 1366 exstruxit.
395 1337 621 1374 Eri-averunt,
653 1338 711 1378 qui
734 1339 870 1379 multiss)
904 1339 968 1370 duo
999 1339 1164 1370 Fortunae
1193 1337 1313 1377 templa
1345 1336 1520 1368 Praeneste
1548 1337 1651 1368 fnisse
1680 1338 1796 1368 existi-

0 1394 31 1440 s*
108 1423 132 1458 ¹)
155 1423 225 1450 Tria
246 1423 299 1450 ina
319 1424 465 1451 moenium
482 1428 579 1451 'exstn
603 1431 712 1457 genera
730 1422 853 1450 exhibet
873 1422 1033 1450 Dodwell:
1061 1423 1156 1451 niews
1175 1424 1230 1451 and
1251 1423 1449 1460 descriptions
1476 1424 1508 1451 οἷ
1527 1423 1691 1459 Cyclopian
1712 1424 1794 1451 walls

142 1473 264 1500 London
287 1473 379 1502 1834:
400 1473 482 1500 ruins
504 1477 533 1500 at
554 1472 714 1499 Praeneste
734 1473 793 1500 tab.
819 1473 884 1500 111.
910 1472 975 1500 112.
1001 1472 1065 1501 113.
1092 1473 1156 1501 114.

107 1520 133 1558 ²)
161 1523 312 1558 westphal
334 1523 353 1551 t.
377 1523 396 1551 l.
420 1533 448 1559 p.
476 1522 547 1551 104:
571 1519 652 1552 {muti
681 1521 748 1558 steht
777 1521 835 1557 seht
864 1521 980 1558 beutlid)
1007 1521 1049 1551 bie
1078 1522 1243 1559 gemeltigen
1271 1521 1374 1557 tofto».
1404 1519 1535 1551 ffltauern
1560 1527 1615 1550 non
1643 1519 1791 1557 nntium,

142 1571 238 1608 welche
257 1571 303 1607 sid)
325 1570 378 1606 eus
394 1571 488 1602 buben
510 1570 619 1602 &enen
637 1577 693 1602 mm
715 1573 760 1601 bet
782 1575 885 1602 unteru
907 1570 1003 1602 &teht
1024 1572 1075 1601 ben
1097 1570 1177 1607 §Bcrg
1201 1570 1306 1607 binatis
1325 1572 1393 1605 uad>
1419 1572 1463 1600 bet
1483 1570 1616 1605 ssttabctte
1638 1571 1791 1608 bingiebcn,

142 1621 205 1658 bod>
226 1622 312 1658 geben
336 1622 416 1657 aud)
447 1621 568 1659 einige
595 1619 694 1660 ssfige
722 1621 937 1659 botignutnt
963 1629 1019 1651 <tm
1042 1619 1218 1659 'libbctnge
1249 1622 1310 1651 bess
1339 1618 1484 1658 ffietgess
1512 1620 1596 1657 sort.

104 1670 132 1709 3)
151 1672 253 1708 Nibby
275 1672 295 1700 1.
320 1672 339 1699 1.
362 1682 391 1709 p.
411 1672 487 1702 281:
516 1672 564 1701 Da
584 1672 694 1707 quello,
717 1673 770 1699 che
791 1672 900 1699 rimane
920 1672 967 1699 del
990 1681 1043 1699 suo
1064 1671 1265 1708 (Praenestis)
1291 1670 1402 1698 recinto
1434 1671 1464 1698 di
1494 1669 1629 1707 poligoni
1657 1669 1683 1697 si
1706 1671 1789 1703 vede,

141 1722 195 1749 che
215 1730 295 1748 come
317 1723 344 1749 le
366 1723 438 1750 citta
463 1723 516 1758 piu
534 1723 652 1749 antiche
673 1731 722 1749 era
745 1722 843 1750 divisa
864 1723 976 1749 almeno
998 1722 1028 1749 in
1049 1728 1093 1750 tre
1113 1722 1207 1758 parti,
1235 1730 1350 1757 ognuna
1377 1721 1453 1748 delle
1481 1721 1562 1755 quali
1589 1728 1639 1748 era
1658 1727 1791 1756 separata

143 1770 180 1798 da
201 1779 238 1799 un
260 1771 373 1798 recinto
395 1771 426 1798 di
447 1772 485 1798 tal
506 1777 624 1805 naturaq
644 1780 661 1798 a
681 1777 783 1806 queste
803 1771 830 1799 si
851 1771 1000 1807 aggiunga
1028 1772 1056 1798 la
1081 1771 1236 1804 chadessa,
1265 1772 1317 1798 che
1342 1770 1456 1798 doveva
1482 1771 1606 1797 formare
1634 1769 1662 1796 la
1689 1776 1790 1803 quarta

142 1827 223 1856 parte
244 1822 320 1848 nella
339 1821 472 1848 sommita
491 1821 538 1848 del
558 1827 665 1850 monte.

106 1867 134 1904 ⁴)
154 1870 272 1899 Gruter.
295 1869 382 1899 inser.
405 1870 472 1903 398,
494 1870 522 1898 8.
567 1870 662 1897 Orelli
684 1869 773 1898 inser.
794 1869 881 1898 3051.

107 1918 134 1954 ⁵)
155 1921 203 1948 De
221 1920 341 1948 Sullano
363 1921 471 1957 templo
491 1921 634 1948 Fortunae
656 1921 692 1950 cs.
715 1929 787 1955 quae
810 1920 884 1947 infra
905 1925 1098 1955 exponentur.

107 1966 132 2003 ⁶)
154 1970 198 1998 cf.
226 1979 251 1997 e.
282 1979 311 2004 g.
339 1971 408 1998 Liv.
436 1972 541 1998 XXIII
569 1971 616 1999 19.
655 1971 741 1999 ‚Tria
770 1971 854 2006 signa
878 1970 1043 2005 militibus,
1076 1970 1128 2005 qui
1166 1969 1294 1999 Casilini
1329 1969 1359 1997 in
1394 1969 1546 2006 praesidio
1581 1968 1708 1996 fuerant«
1742 1976 1787 2004 ap.

143 2017 259 2046 Suares.
282 2028 307 2046 c.
324 2019 441 2048 xvm.

109 2064 135 2103 ⁷)
165 2068 266 2106 Nibby
288 2069 309 2098 1.
333 2069 354 2098 1.
377 2079 407 2106 p.
427 2069 483 2099 291
517 2069 595 2098 inter
620 2074 773 2104 utrumque
797 2069 889 2097 sorum
918 2074 1049 2097 accurate
1076 2067 1237 2104 distinguit
1263 2073 1351 2103 utque
1378 2066 1533 2104 pristinum
1560 2066 1636 2094 intra
1664 2066 1790 2103 pristina

142 2118 256 2144 moenia
276 2119 361 2148 locat.
406 2120 449 2148 Cf.
471 2130 500 2155 p.
522 2121 581 2149 303
602 2126 632 2147 et
650 2119 817 2155 Capmartin
838 2120 859 2148 l.
882 2120 902 2148 1.
923 2130 954 2155 p.
976 2120 1045 2149 307.

106 2164 133 2202 8)
153 2165 256 2204 Nibby
279 2167 298 2196 Ι.
315 2168 335 2199 l.
356 2168 413 2199 291
443 2168 526 2197 'runi
550 2168 654 2204 quelli,
674 2169 727 2196 che
746 2169 840 2196 hanno
860 2173 975 2196 trattatu
996 2168 1026 2195 di
1047 2168 1209 2202 Preneste,
1227 2169 1321 2195 hanno
1347 2174 1504 2204 suppos-to,
1527 2169 1579 2194 che
1599 2168 1655 2193 due
1676 2167 1789 2192 sussen-o

143 2217 153 2244 i
176 2219 262 2254 tempj
286 2218 363 2247 della
383 2221 511 2248 Fortuna
531 2237 567 2242 —
590 2220 752 2248 d‘altronde
774 2220 804 2247 in
824 2228 949 2248 nessuno
970 2220 1067 2248 antico
1088 2219 1226 2248 scrittore
1248 2221 1305 2256 pub
1328 2218 1454 2247 trovarsi
1482 2218 1502 2246 il
1524 2218 1575 2254 piu
1601 2215 1718 2253 piccolo
1739 2225 1790 2253 ap-

144 2267 266 2302 poggi0‚
287 2277 341 2304 per
359 2275 508 2297 sostevere
529 2271 627 2304 questi
647 2271 703 2297 due
721 2273 828 2305 sacrarj
851 2280 869 2297 o
889 2273 986 2306 tempj,
1009 2280 1067 2298 non
1089 2270 1258 2298 trovandosi
1280 2271 1441 2302 menzione,
1464 2269 1518 2296 che
1540 2268 1571 2295 di
1595 2277 1652 2295 uno
1674 2268 1749 2296 solo.
