2208 2709
1211 43 1235 81 6

356 177 414 199 cue
436 171 575 207 utroque
597 174 713 206 genere
735 168 875 196 utuntur
887 164 924 202 ¹).
972 162 1084 194 Genus
1106 161 1301 193 femininum
1333 167 1439 194 autem
1460 171 1527 194 non
1554 173 1595 195 ex
1619 163 1818 196 Graecorum
1840 172 1931 196 more
1960 167 2090 197 tantum

356 229 547 264 usurpatum
571 228 632 263 est,
656 223 690 254 id
709 221 793 263 quod
816 218 1032 251 Heinrichius
1054 219 1094 250 ad
1118 217 1241 250 Juven.
1259 218 1326 260 111,
1346 221 1408 254 170
1434 219 1472 252 de
1496 220 1556 252 hac
1578 230 1662 253 voee
1673 219 1854 260 contendit,
1874 221 1931 253 sed
1953 221 2089 254 omnino

357 286 525 323 poetarum
550 282 647 312 etiarn
669 279 846 310 latinorum
870 277 949 308 haec
979 281 1028 308 est
1053 276 1273 318 consuetudo,
1305 282 1343 309 ut
1370 289 1429 320 per
1458 277 1632 320 synthesin
1663 278 1797 311 urbium
1823 278 1977 320 nomina,
2009 289 2091 322 quae

356 339 530 372 masculini
554 343 609 370 aut
627 335 777 368 neutrius
797 339 876 367 sunt
900 335 1042 377 generis,
1066 335 1226 367 feminino
1250 346 1367 377 genere
1388 341 1547 378 usurpent
1557 337 1595 378 ²).

484 396 531 427 At
556 405 637 427 vero
667 393 809 425 Servius
833 393 871 425 ad
900 393 1039 425 Aeneid.
1062 392 1154 433 vn,
1178 395 1242 428 678
1264 405 1400 435 prorsus
1425 395 1592 428 diversam
1623 392 1817 427 sententiam
1846 394 1990 436 profert3
2016 403 2092 425 nam

358 453 517 484 adicimus
531 475 540 491 ,
566 451 688 492 inquit,
712 455 745 482 et
768 451 828 481 hoc
854 450 1031 481 Praeneste
1054 455 1087 481 et
1108 450 1185 481 haec
1207 451 1438 491 Praenestisu3
1465 452 1571 492 igitur
1593 461 1659 483 non
1679 451 1799 494 duplex
1822 461 1923 492 genus
1947 449 2092 483 eiusdem

356 510 493 548 formae,
516 509 572 540 sed
596 507 760 550 duplicem
782 509 920 540 formam
943 519 1013 540 esse
1030 508 1211 541 contendit.
1259 509 1321 540 Sed
1345 509 1374 540 is
1396 519 1491 542 error
1512 513 1570 540 est·
1585 508 1719 549 Servii,
1740 510 1834 541 cuius
1857 508 2034 540 auctoritas
2056 507 2093 538 in

355 566 603 607 quaestionibus
621 566 846 606 grammaticis
868 566 937 596 fere
953 565 1275 605 semper'reiicienda
1291 566 1437 596 videtur.
1463 566 1581 596 Forma
1590 565 1780 597 Praenestis
1793 575 1950 607 nusquam
1966 564 2092 605 reperi-

355 628 426 661 tur3
457 623 638 662 ablativus,
661 623 718 663 qui
743 623 894 653 omnibus
921 622 1004 653 locis
1024 622 1197 652 exhibetur
1220 621 1418 661 Praeneste,
1438 616 1578 662 proprie*
1595 622 1769 657 Praenesti
1788 623 1916 663 legatur
1939 631 2020 663 opus
2043 631 2093 653 es·

354 684 414 719 set,
438 680 468 711 si
485 680 510 710 a'
523 680 731 710 nominativo
742 679 929 711 Praenestis
948 678 1135 718 duceretur,
1158 688 1261 720 neque
1273 688 1385 719 graeca
1398 678 1502 710 forma
1517 679 1726 724 Πραίνεστος
1742 678 1847 711 ullius
1859 678 2016 721 ponderis
2030 681 2093 719 est,

355 749 452 780 quum
478 738 597 769 Graeci
620 738 755 769 omnino
777 737 1056 769 commutaverint
1076 737 1206 768 formas.
1252 736 1336 768 Item
1357 737 1483 778 Nepete
1504 737 1682 778 oppidum,
1713 738 1799 778 quod
1831 748 1949 768 nomen
1970 736 2093 768 Livius
2149 766 2154 789 3
2205 751 2208 757 ·

354 800 390 825 nt
414 795 565 825 neutrius
586 795 718 835 generis
740 799 773 825 et
793 794 910 826 tertiae
930 793 1165 825 declinationis
1186 798 1331 835 usurpat,
1353 793 1435 835 apud
1458 793 1600 826 Graecos
1622 799 1763 826 vocatur
1775 794 1927 832 Νέπετος
1939 793 1979 835 ³).
2024 791 2092 825 Mi·
2148 802 2151 803 ⁷

355 853 442 884 nime
462 864 544 885 vero
566 863 635 885 vox
658 852 859 892 Praenestis,
884 852 942 884 ubi
965 857 1081 884 neutro
1105 863 1223 893 genere
1244 858 1444 893 usurpatur,
1464 863 1581 884 nomen
1602 852 1835 885 indeclinabile
1862 857 1924 892 est,
1949 851 1985 883 id
2007 850 2093 892 quod

353 919 370 938 a
394 910 565 939 nonnullis
590 909 673 939 male
698 909 920 940 contenditur.
966 909 1132 949 Dativus,
1158 913 1313 954 quantum
1336 909 1426 950 scio,
1450 909 1584 941 omnino
1607 918 1672 941 non
1704 909 1891 952 reperitur,
1923 906 2094 949 genitivus
2142 913 2150 946 ᾗ

353 971 457 998 autem
481 971 530 997 est
553 966 744 1001 Praenestis
756 965 795 1009 ⁴¹).

483 1023 613 1056 Nomen
628 1024 751 1063 gentile
764 1029 812 1054 est
828 1024 1083 1061 Praenestinus5
1099 1022 1183 1063 apud
1199 1022 1342 1054 Graecos
1349 1023 1540 1065 plerumque
1549 1023 1673 1066 legitur
1681 1024 1921 1067 Hpawwtlvoc
1933 1021 1971 1061 ⁵),
1984 1018 2094 1051 rarius
2150 1029 2155 1052 5

352 1079 592 1122 Πραινεστινός
606 1083 653 1122 ⁶),
677 1081 902 1125 Πραινέστιος
914 1082 926 1104 7
940 1104 948 1120 ‚
971 1078 1219 1124 Πραινεστηνός
1230 1081 1269 1120 Β).

481 1138 690 1179 Scriptorum
715 1138 773 1170 vel
796 1139 935 1170 maxime
958 1139 1113 1170 diversae
1137 1143 1215 1170 sunt:
1236 1139 1431 1180 sententiae,
1453 1139 1539 1170 unde
1560 1138 1750 1170 Praenestis
1771 1148 1889 1169 nomen
1912 1134 2094 1167 ducendum

350 1193 405 1224 sit.
453 1194 572 1226 Eadem
593 1196 742 1236 quaestio
764 1195 896 1240 agitur,
927 1195 985 1226 ubi
1009 1195 1108 1229 huius
1132 1194 1246 1238 oppidi
1274 1196 1427 1228 conditor
1449 1197 1495 1229 ita
1519 1200 1808 1235 commemoratur,
1840 1197 1877 1226 ut
1904 1189 2095 1225 Praenestis

353 1261 468 1283 nomen
491 1252 530 1282 ab
556 1263 593 1282 eo
627 1253 695 1284 dici
728 1258 888 1295 appareat.
934 1253 1006 1285 Jam
1039 1252 1307 1297 quemadmodum
1340 1254 1379 1284 de
1410 1253 1616 1295 reliquorum
1642 1252 1758 1286 Italiae
1782 1250 1976 1294 oppidorum
2000 1252 2095 1289 atque

351 1308 389 1338 de
413 1308 516 1353 ipsius
540 1309 659 1340 Romae
685 1314 716 1340 et
739 1311 871 1342 nomine
895 1315 926 1341 et
949 1310 1119 1342 conditore
1142 1315 1232 1343 tanta
1257 1311 1389 1343 exstitit
1413 1311 1594 1351 dissensio,
1627 1314 1666 1341 ut
1693 1309 1788 1349 origo
1822 1307 2001 1348 diligenter
2029 1313 2095 1335 non

352 1365 456 1407 possit
490 1365 644 1405 agnosci,
682 1370 776 1407 atque
802 1367 1068 1406 quemadmodum
1093 1367 1227 1398 omnino
1249 1367 1382 1398 urbium
1414 1368 1546 1400 nomina
1582 1378 1621 1398 ex
1648 1366 1790 1398 libidine
1821 1363 1981 1405 explicata
2006 1365 2095 1400 sunt,

352 1426 387 1452 ut
417 1432 526 1452 earum
549 1423 644 1462 origo
669 1423 745 1453 inde
768 1422 905 1462 eluceat,
929 1423 979 1454 sic
1004 1423 1042 1454 de
1055 1423 1232 1455 Praeneste
1254 1435 1382 1462 quoque
1402 1426 1515 1451 variae
1533 1424 1686 1450 seruntur
1708 1419 1894 1462 opiniones,
1922 1419 1958 1448 in
1975 1418 2095 1459 quibus

352 1487 496 1517 magnam
522 1480 648 1521 partem
673 1475 766 1506 lusus
790 1474 919 1515 ingenii
942 1479 1110 1516 poetarum
1135 1475 1411 1515 scriptorumque,
1434 1476 1469 1505 in
1493 1475 1665 1507 nonnullis
1684 1476 1970 1517 grammaticorum
1989 1474 2094 1506 histo-

350 1534 484 1576 riaeque
509 1533 809 1576 pervestigatorum
841 1531 1051 1571 diligentiam
1083 1531 1187 1571 magis
1218 1536 1250 1562 et
1272 1541 1422 1574 operam,
1457 1543 1551 1573 quam
1580 1533 1708 1575 ingenii
1740 1543 1874 1563 acumen
1901 1532 2092 1573 perspicias.

350 1591 474 1623 Omnes
497 1595 603 1620 antem
623 1589 804 1629 scriptores
828 1588 874 1620 ita
901 1588 936 1618 in
959 1587 1109 1622 diversas
1131 1592 1240 1628 partes
1266 1587 1508 1629 discesserunt,
1532 1593 1568 1620 ut
1590 1589 1689 1620 alteri
1711 1600 1751 1620 ex
1774 1589 1974 1621 Graecorum
1997 1587 2094 1628 fama,

351 1648 449 1679 alteri
472 1658 510 1678 ex
533 1646 757 1686 Aboriginum
782 1645 899 1678 Italiae
920 1645 1060 1677 historia
1083 1645 1246 1687 originem
1267 1646 1473 1689 repetendam
1495 1657 1563 1680 esse
1587 1647 1786 1678 censuerint.
1830 1646 1941 1688 Atque
1966 1646 2016 1686 ii,
2037 1646 2094 1687 qui

395 1737 419 1771 ¹)
441 1737 554 1771 virgil.
576 1736 651 1763 Aen.
675 1736 744 1768 vu,
767 1735 837 1764 682.
882 1734 985 1765 Horat.
1007 1735 1065 1768 ΙΙΙ,
1087 1735 1116 1768 4,
1137 1734 1188 1763 22.
1223 1733 1299 1762 Stat.
1322 1733 1391 1763 silv.
1415 1735 1471 1769 IV,
1492 1734 1522 1768 4,
1546 1734 1592 1764 15.
1614 1746 1654 1757 *-
1677 1733 1793 1769 virgil.
1823 1734 1898 1763 Aen.
1918 1735 2006 1769 vm,
2024 1735 2094 1769 561,

429 1787 564 1815 Juvenal.
586 1787 643 1817 111,
669 1786 735 1814 170.

393 1834 419 1870 2)
441 1836 504 1862 Jam
527 1835 621 1861 Aldus
643 1843 706 1862 sen.
729 1834 798 1860 item
820 1833 857 1859 de
878 1833 931 1859 bac
952 1841 1023 1859 voce
1046 1832 1190 1860 iudicavit
1211 1841 1269 1861 sec.
1286 1832 1407 1862 Salmas.
1430 1834 1465 1861 ad
1477 1833 1574 1863 Solin,
1595 1843 1624 1869 p.
1641 1833 1697 1862 63,-
1729 1833 1805 1870 apud
1819 1832 1985 1869 Virgilium
2000 1832 2094 1868 figura

431 1883 585 1923 synthesis
613 1883 732 1915 videtur
762 1882 840 1910 Aldo
868 1881 999 1915 seniori,
1029 1891 1102 1917 quae
1130 1883 1279 1912 discordat
1307 1893 1370 1913 cum
1392 1893 1478 1919 voce,
1503 1892 1625 1919 cumque
1646 1892 1700 1912 suo
1729 1884 1884 1912 concordat
1912 1882 2092 1919 significatu,

432 1935 472 1962 ita
495 1934 651 1961 Camerino
673 1935 728 1960 sub
753 1933 817 1969 ipsa
839 1941 878 1960 sc.
901 1932 1030 1961 civitate,

393 1983 421 2018 3)
444 1985 489 2012 Cf.
515 1992 589 2017 qnae
612 1983 648 2009 de
669 1983 721 2009 hac
744 1991 815 2009 voce
833 1983 907 2008 bene
928 1982 1090 2017 disputavit
1113 1983 1266 2012 Drakenb.
1287 1985 1323 2011 ad
1344 1984 1413 2012 Liv.
1432 1985 1487 2017 vl,
1508 1984 1538 2017 9,
1560 1984 1589 2012 3.

393 2030 421 2068 ⁴¹)
443 2032 583 2061 Quamvis
604 2031 757 2066 genitivus
779 2031 845 2058 duci
870 2031 964 2067 possit
985 2040 1000 2058 a
1018 2032 1199 2061 nominativo
1220 2034 1382 2062 Praeneste
1399 2043 1465 2068 gen.
1480 2033 1582 2061 semin.
1605 2038 1746 2070 usurpato
1766 2042 1815 2070 ap.
1838 2033 1977 2069 Propert.
1991 2033 2031 2067 11,
2043 2033 2092 2067 32,

432 2088 525 2113 tamen
548 2082 577 2109 id
600 2081 721 2110 minime
743 2081 899 2115 quadrabit
921 2081 955 2108 ad
977 2082 1057 2110 Veli.
1080 2083 1146 2111 Pat.
1168 2084 1215 2117 11,
1241 2084 1286 2113 17.
1310 2084 1337 2111 si
1359 2083 1575 2119 comparaveris
1598 2083 1729 2111 eiusdem
1750 2082 1822 2111 libri
1846 2091 1873 2112 c.
1894 2082 1943 2112 26.
1982 2083 2092 2111 Eodem

431 2132 518 2159 modo
539 2131 733 2167 explicandus
747 2130 900 2157 videbitur
913 2139 978 2165 gen.
996 2132 1149 2166 Tergestis
1171 2141 1218 2168 ap.
1236 2134 1317 2162 Veli,
1334 2133 1525 2165 Pat.11‚110.
1546 2132 1572 2160 si
1587 2132 1801 2169 comparaveris
1814 2132 1916 2167 Pomp.
1931 2132 2053 2163 Mel.11,
2063 2132 2091 2160 3.

396 2177 423 2214 ⁵)
445 2181 548 2217 Steph.
570 2182 647 2217 Byz.
672 2189 697 2208 s.
718 2189 747 2208 v.
776 2193 816 2199 ·—
847 2176 873 2214 ⁶)
895 2181 999 2208 Zonar.
1022 2189 1087 2208 ann.
1110 2181 1204 2214 VIII,
1226 2183 1255 2210 3.
1277 2195 1318 2202 -—
1341 2179 1367 2216 ⁷)
1389 2181 1520 2218 Appiani
1549 2182 1655 2218 optimi
1677 2182 1762 2210 codd.
1785 2180 1833 2208 bis
1855 2181 1999 2209 exhibent
2021 2181 2093 2208 hanc

435 2229 567 2259 sormam:
591 2232 619 2259 b.
643 2240 668 2258 c.
693 2230 718 2262 1,
740 2230 778 2259 87
800 2235 830 2256 et
852 2230 878 2261 1,
899 2229 955 2262 913
981 2235 1071 2257 tamen
1089 2232 1146 2265 jam
1169 2232 1320 2266 Musgrav.
1344 2231 1389 2258 ad.
1413 2232 1433 2260 Ι.
1457 2232 1477 2259 l.
1498 2240 1558 2259 eam
1580 2231 1783 2266 corrigendam
1807 2239 1872 2258 esse
1894 2230 2019 2260 censuit.

398 2277 425 2312 8)
449 2278 539 2306 Dion.
560 2280 625 2307 Hal.
647 2280 709 2315 (ed.
732 2277 833 2316 Sylb.)
856 2279 875 2307 l.
899 2279 974 2307 vm
999 2289 1027 2315 p.
1050 2280 1109 2308 552
1130 2286 1158 2308 et
1178 2281 1197 2310 Ι.
1221 2281 1250 2309 V
1272 2291 1300 2316 p.
1322 2281 1390 2309 326.
