2208 2709
28 1348 30 1352 ,
24 1310 41 1327 «Ἰ
32 1283 33 1286 „
27 1154 40 1231 ³»...oe

926 712 999 770 1.

95 850 315 911 Praeneste
333 879 424 913 Latii
446 881 511 913 fuit
536 881 699 923 oppidum.
745 881 797 914 De
817 882 949 914 nomine
970 882 1042 924 ipso
1066 893 1131 915 non
1156 883 1265 915 eadem
1288 888 1337 914 est
1362 883 1507 915 omnium
1531 882 1729 924 scriptorum
1752 892 1825 913 sen-

97 937 212 968 tentia.
259 937 301 969 Et
319 937 497 970 Praeneste
520 939 672 980 quidem,
695 949 762 971 non
783 939 941 971 Preneste
963 941 1172 973 scribendum
1195 951 1264 973 esse
1278 964 1287 981 ,
1317 945 1404 972 recte
1426 941 1553 972 monuit
1586 940 1651 972 iam
1677 939 1827 971 Keucher

96 994 134 1026 ad
159 994 300 1027 Frontin
325 996 363 1027 de
389 995 493 1029 colon.
509 997 534 1038 ¹)
557 1008 590 1039 p.
616 999 688 1030 411.
731 997 892 1037 Quamvis
916 998 1002 1029 enim
1027 1003 1153 1030 constet
1175 1009 1193 1030 a
1213 997 1330 1030 latinis
1353 998 1572 1040 scriptoribus
1595 1006 1827 1037 nonnunquam

96 1055 128 1081 et
151 1050 296 1082 litteram
319 1053 335 1084 ὂ
359 1059 391 1085 et
410 1053 539 1086 litteras
559 1065 594 1085 ae
618 1055 655 1085 in
677 1055 817 1086 vocibus
838 1055 1021 1088 scribendis
1041 1057 1224 1097 promiscue
1248 1057 1414 1097 usurpari,
1438 1061 1476 1088 ut
1498 1056 1533 1087 in
1552 1066 1635 1087 voce
1647 1053 1824 1093 saeculum,

96 1107 205 1148 caelo,
228 1108 348 1151 laevis,
370 1110 459 1152 aliis,
482 1116 601 1152 tamen,
624 1122 704 1154 quae
723 1111 758 1143 in
782 1111 856 1143 illis
872 1111 963 1144 valet
985 1113 1082 1153 ratio,
1105 1112 1212 1144 aliena
1232 1118 1281 1144 est
1302 1123 1319 1144 a
1343 1114 1508 1154 scriptura
1528 1112 1625 1143 vocis
1639 1111 1824 1141 Praeneste.

96 1165 189 1204 Quod
212 1166 294 1197 hanc
319 1166 456 1199 alteram
475 1169 673 1209 scripturam
694 1169 842 1201 codicum
864 1179 962 1210 paene
986 1170 1132 1202 omnium
1154 1174 1266 1201 tuetur
1291 1170 1490 1210 auctoritas,
1523 1179 1588 1200 non
1607 1172 1716 1209 potest
1741 1165 1826 1198 illud

94 1221 225 1262 quidem
246 1227 370 1254 certum
388 1229 614 1264 argumentum
634 1224 762 1264 haberi,
786 1236 884 1266 quum
902 1226 1097 1266 diphthongi
1117 1228 1153 1257 in
1174 1227 1274 1257 MSS.
1290 1228 1411 1265 passim
1435 1225 1667 1263 negligantur;
1688 1223 1825 1262 accedit,

94 1279 180 1318 quod
199 1279 319 1307 Graeci
339 1280 535 1316 diligentius
560 1285 682 1312 rectam
706 1282 886 1314 verborum
900 1281 1098 1323 scripturam
1120 1281 1285 1319 exhibent,
1307 1280 1405 1312 latini
1425 1284 1532 1311 autem
1547 1279 1682 1311 librarii
1695 1278 1826 1311 vocales

95 1332 262 1374 simplices
285 1342 380 1372 quam
402 1331 620 1379 diphthongos
642 1332 788 1364 scribere
810 1338 985 1372 malebant,
1010 1343 1043 1363 et
1065 1339 1099 1363 in
1125 1338 1292 1364 radicibus
1314 1337 1448 1364 omnino
1467 1336 1636 1374 praevalet
1658 1334 1826 1366 vocalium

96 1391 193 1422 ratio.
239 1389 365 1421 verum
388 1387 588 1420 Graecorum
612 1388 735 1421 formae
755 1388 975 1432 Πραίνεστος,
998 1388 1209 1432 Πραινέστη,
1232 1387 1314 1419 aliae
1335 1399 1445 1419 omnes
1469 1389 1667 1429 scripturam
1690 1394 1825 1421 tuentur

94 1446 307 1485 Praenestis,
330 1456 426 1486 qnam
444 1451 612 1486 praeterea
633 1456 714 1478 vera
733 1446 833 1478 huius
855 1445 952 1477 vocis
975 1445 1139 1477 derivatio
1163 1446 1372 1478 commendat.
1420 1446 1579 1486 Quamvis
1607 1455 1690 1478 vero
1713 1457 1824 1479 omnes

94 1504 203 1546 graeci
218 1503 398 1544 scriptores
415 1513 449 1534 ea
470 1503 506 1534 in
526 1513 562 1534 re
585 1502 804 1543 consentiant,
827 1502 913 1544 quod
930 1501 1164 1544 diphthongum
1183 1514 1218 1533 αι
1235 1502 1270 1533 in
1288 1502 1460 1534 scribenda
1478 1503 1537 1534 hac
1558 1514 1639 1535 voce
1657 1504 1823 1543 exhibent,

95 1566 202 1592 tamen
215 1560 405 1599 formarum,
419 1560 537 1600 quihus
550 1565 700 1601 utuntur,
709 1571 822 1602 magna
836 1565 885 1592 est
895 1561 1050 1592 varietas.
1074 1559 1213 1600 Legitur
1226 1560 1313 1591 enim
1327 1560 1343 1596 ἡ
1359 1561 1567 1603 Πραίνεστος
1581 1561 1607 1601 2)
1631 1560 1678 1600 (et
1687 1561 1824 1592 sortasse

93 1618 194 1649 etiam
214 1616 257 1647 τὸ
280 1616 525 1660 Πραίνεστον),
554 1618 571 1653 ἡ
593 1616 799 1662 Πραινεστός
808 1617 838 1657 3)
869 1616 929 1657 (τὸ
941 1616 1185 1660 Πραινεστόν),
1208 1617 1429 1660 ἡΠραινέστη
1440 1618 1487 1657 4),
1512 1619 1555 1647 τὸ
1575 1618 1763 1660 Πραινέστε
1774 1618 1822 1656 ⁵);

95 1674 192 1715 longe
212 1674 428 1705 usitatissima
450 1678 499 1705 est
517 1674 621 1706 forma
643 1676 661 1712 ἡ
684 1675 901 1720 Πραίνεστος.
946 1675 1073 1706 Verum
1098 1673 1197 1705 etiam
1227 1674 1310 1715 apud
1341 1673 1462 1705 latinos
1492 1674 1671 1714 scriptores
1704 1673 1822 1714 duplex

95 1730 199 1762 forma
221 1730 370 1769 habetur,
395 1740 532 1770 quarum
554 1731 657 1762 altera
682 1737 813 1771 neutro,
837 1731 941 1762 altera
962 1731 1124 1762 feminino
1147 1741 1265 1771 genere
1287 1737 1474 1772 usurpatur.
1519 1730 1562 1762 Et
1583 1730 1669 1762 illud
1690 1731 1821 1772 quidem

95 1793 234 1828 constat,
257 1792 408 1819 neutrum
431 1798 534 1828 genus
557 1787 641 1829 apud
658 1788 839 1830 scriptores
853 1787 1015 1819 sermonis
1028 1786 1192 1828 pedestris
1214 1787 1320 1820 solum
1341 1788 1454 1820 valere
1466 1789 1504 1827 θ).
1543 1787 1662 1818 Poetae
1680 1788 1821 1827 promis-

139 1872 165 1911 l)
187 1876 233 1904 ed.
255 1875 416 1904 Amstelod.
443 1876 528 1904 1661.

137 1926 164 1965 2)
184 1930 391 1965 Nonnunquam
410 1928 531 1957 dubium
549 1928 647 1958 videri
666 1933 773 1967 potest,
795 1934 889 1957 utrum
910 1929 1001 1957 forma
1019 1924 1227 1969 Πραινεστος
1239 1929 1412 1957 obversetur
1426 1936 1461 1956 an
1476 1923 1704 1967 Πραινεστσν;
1722 1936 1820 1954 verum

173 1984 395 2006 consentaneum
416 1983 471 2011 est,
489 1979 656 2015 Appianum
677 1987 706 2008 et
725 1980 895 2009 Strabonem
915 1989 1032 2017 semper
1054 1979 1194 2008 feminino
1220 1988 1328 2015 genere
1349 1987 1418 2007 usos
1438 1977 1548 2013 fuisse,
1580 1987 1668 2014 quum
1689 1978 1721 2007 id
1743 1984 1820 2006 certe

173 2026 350 2056 exhibeatur
371 2035 417 2065 ap.
439 2026 519 2064 App.
541 2028 572 2056 b.
588 2037 614 2057 c.
636 2029 661 2063 1,
679 2028 719 2058 94
741 2034 770 2057 et
790 2037 837 2066 ap.
860 2028 956 2058 strab.
977 2028 1018 2062 V,
1040 2029 1068 2062 3,
1093 2029 1140 2057 10.

136 2074 164 2113 3)
185 2077 303 2115 Appian
324 2079 344 2108 l.
357 2079 379 2108 l.
400 2091 440 2099 ——
460 2075 489 2114 ⁴¹)
509 2079 632 2108 Plautus
653 2084 729 2117 capt.
748 2079 803 2114 IV,
823 2081 852 2114 2,
876 2079 944 2109 102.
967 2092 1008 2100 ·—-
1029 2075 1058 2115 ⁵)
1079 2077 1141 2107 Dio
1162 2076 1194 2107 C.
1216 2077 1257 2108 fr,
1277 2076 1351 2116 peir.
1374 2077 1423 2107 ed.
1445 2077 1548 2108 Vales.
1572 2085 1601 2115 p.
1623 2076 1691 2107 657.
1713 2075 1781 2105 363.

138 2124 165 2160 ⁶)
184 2128 228 2155 ef.
250 2127 332 2155 locos
352 2128 460 2164 passim
481 2129 630 2162 laudato&
658 2130 736 2157 idem
757 2132 944 2166 comprobant
963 2130 1085 2159 aliarum
1111 2129 1228 2158 urbium
1255 2129 1388 2164 nomina,
1415 2137 1490 2165 quae
1517 2134 1662 2158 extremas
1691 2127 1820 2166 syllabas

174 2181 237 2206 este
257 2177 419 2213 exhibent,
440 2182 473 2207 ut
493 2177 636 2215 Tergeste
657 2188 704 2216 ap.
727 2179 832 2217 Pomp.
853 2180 925 2208 Mel.
947 2180 989 2214 11,
1010 2180 1030 2209 3
1050 2184 1080 2208 et
1099 2179 1203 2207 Ateste
1222 2187 1270 2216 ap.
1291 2180 1359 2208 Tac.
1383 2179 1453 2207 bist.
1475 2180 1530 2211 111,
1552 2178 1581 2206 6.
