2208 2709
52 113 150 169 quod,
171 133 269 169 quum
285 122 423 157 Romani
443 120 530 153 iusto
549 118 751 160 potentiores
772 119 973 161 extitissent,
998 119 1222 161 Praenestini,
1245 120 1303 162 qui
1325 120 1474 153 libertati
1495 131 1571 153 suae
1594 120 1671 152 inde
1688 121 1783 153 time-

53 190 148 225 rent,
178 183 280 225 magis
300 182 339 214 ad
361 179 498 212 Latinos
519 177 727 210 declinarunt
749 182 780 210 et
803 178 1022 210 Romanorum
1046 179 1160 214 foedus
1183 184 1400 222 respuerunt5
1424 184 1537 210 contra
1556 178 1783 217 Praenestini,

52 243 109 274 ubi
132 242 352 274 Romanorum
383 236 560 269 timendam
594 235 783 267 societatem
816 235 1054 277 repudiarunt,
1084 238 1174 271 illico
1206 242 1240 271 et
1265 240 1332 280 ipsi
1353 237 1616 270 adnumerantur
1639 238 1784 267 nLatino

52 299 172 340 kosstiu,
194 311 214 330 a
235 307 298 339 quo
321 294 401 327 alias
422 294 518 336 plane
541 292 791 333 distinguuntur
806 291 843 333 ¹).
889 293 978 325 Vera
1010 294 1115 336 igitur
1139 295 1236 327 huius
1266 295 1409 328 foederis
1435 295 1523 326 ratio
1555 298 1625 325 erat
1646 296 1783 325 externa

52 362 146 398 atque
168 357 206 387 ad
230 354 454 386 condicionem
482 351 655 391 utriusque
683 349 821 390 populi,
851 350 1070 384 Romanorum
1095 359 1126 385 et
1155 353 1464 394 Praenestinorum,
1497 357 1612 385 contra
1643 351 1783 384 Latinos

51 419 235 445 communes
257 411 366 442 hostes
393 408 567 449 spectabat.
614 407 768 437 Ceterum
790 407 879 437 nihil
902 407 1072 440 differebat
1097 421 1114 441 a
1135 410 1267 442 foedere
1290 411 1509 442 Romanorum
1543 421 1615 442 cum
1641 409 1782 450 reliquis

52 471 180 502 Latinis
210 469 409 506 constitut03
440 466 579 508 quibus,
612 474 710 506 quum
741 463 797 496 illi
827 464 887 497 sub
920 465 1035 498 umbra
1058 466 1199 499 foederis
1220 468 1317 510 aequi
1340 468 1536 500 servitutem
1559 468 1780 509 imponerent,

1 519 4 522 ¹
53 537 146 558 causa
175 524 357 557 rebellandi
380 528 494 554 contra
515 523 736 553 Romanorum
756 523 945 554 societatem
965 525 1191 557 Praenestinis
1215 527 1296 558 satis
1321 537 1434 566 magna
1459 527 1533 558 suit.

181 598 306 638 Itaque,
329 588 426 638 quum
451 594 564 626 Latini
594 593 659 626 iam
681 594 738 627 diu
761 595 845 628 male
868 596 1011 638 suspecti
1035 607 1123 629 arma
1148 602 1262 630 contra
1287 597 1447 629 Romanos
1471 597 1557 628 ferre
1589 593 1779 626 constituis-

0 674 2 677 ·
52 660 134 693 sent,
152 658 183 684 et
205 654 342 684 Romani
364 653 507 692 undique
528 658 765 693 premerentur,
790 655 887 684 etiam
905 655 1194 687 Praenestinorum
1213 656 1405 687 desectionis
1428 656 1534 696 prima
1558 655 1641 686 sama
1658 655 1777 685 Romae

0 701 8 713 '³
52 711 215 743 increbuit
237 721 309 742 ann.
330 709 404 743 385.
449 708 492 740 Et
514 712 623 739 tantus
648 714 717 740 erat
740 715 819 741 tunc
840 710 998 752 temporis
1023 711 1242 743 Romanorum
1262 717 1378 752 metus,
1401 716 1440 742 ut
1463 712 1639 742 Praeneste
1655 734 1664 751 ,
1692 709 1778 751 quod

50 773 118 798 tum
140 767 195 798 vel
222 767 358 797 maxime
381 765 537 805 florebat,
562 766 600 795 ab
624 766 706 805 ipsis
734 767 914 798 descivisse
936 769 1044 808 primo
1085 770 1217 801 credere
1253 769 1380 800 nollent
1392 768 1429 808 2).
1477 768 1589 808 Neque
1619 778 1701 798 vero
1728 767 1779 797 ni·

50 824 133 856 mins
156 824 291 856 illorum
316 828 385 855 erat
407 822 527 862 timor3
554 833 626 854 nam
651 823 788 865 auxilia,
812 835 893 867 quae
915 825 1123 857 Praenestini
1142 827 1300 857 miserant
1323 825 1479 864 Velitris,
1505 834 1586 866 quae
1610 823 1738 854 colonia
1762 832 1778 852 a

49 880 203 912 Romanis
227 881 398 921 defecerat,
424 892 522 922 paene
545 883 666 919 majora
683 882 827 922 fuerunt,
852 894 947 924 quam
966 883 1112 915 coloniae
1130 885 1236 925 ipsius
1260 884 1380 925 copiae.
1427 883 1656 914 Nihilominus
1678 881 1777 912 Prae-

51 939 174 970 nestini
206 949 269 970 una
300 949 371 969 cum
396 931 583 970 Veliternis
608 933 734 970 devi'cti
758 944 853 980 sunt,
884 945 979 982 atque
1002 941 1220 972 Romanorum
1250 951 1316 972 non
1348 945 1473 971 tantum
1506 946 1574 971 erat
1607 940 1719 970 odium
1742 938 1778 967 iu

0 1002 2 1006 ’
50 997 158 1027 hostes
181 997 385 1036 Veliternos,
409 1001 563 1037 quantum
585 996 619 1027 in
643 997 730 1037 ipsos
754 998 998 1039 Praenestinos,
1023 1000 1081 1041 qui
1104 999 1184 1031 illos
1207 998 1413 1037 adjuvissent
1425 998 1464 1040 ³).
1510 997 1624 1039 Itaque
1654 995 1778 1027 bellum

50 1053 275 1084 Praenestinis
295 1053 455 1084 indictum
476 1059 525 1084 est
547 1054 828 1086 senatusconsulto
844 1056 1021 1097 populique
1040 1057 1144 1098 iussu,
1168 1057 1253 1098 quod
1277 1067 1373 1097 quum
1391 1055 1513 1087 bellum
1528 1054 1780 1086 Praenestinum

49 1120 148 1151 grave
162 1102 382 1142 existimatum
395 1121 464 1142 esse
479 1106 610 1151 doceat,
622 1116 691 1142 tum
706 1112 835 1152 insigne
850 1113 918 1144 irae
936 1118 1030 1154 atque
1048 1114 1116 1145 odii
1136 1115 1171 1145 in
1190 1114 1421 1145 Praenestinos
1438 1118 1486 1144 est
1500 1113 1728 1143 documentum
1740 1108 1778 1147 ⁴¹).

48 1168 144 1198 Anno
166 1169 350 1209 insequenti
374 1167 583 1200 Praenestini
605 1180 668 1200 una
691 1180 763 1201 cum
784 1169 918 1202 Volscis
943 1171 1106 1203 Satricum
1130 1171 1291 1205 coloniam
1313 1170 1428 1213 populi
1454 1169 1593 1201 Romani
1620 1167 1656 1198 vi
1680 1175 1779 1206 expu-

49 1229 188 1263 gnarunt
206 1206 361 1266 foedeqlue
384 1218 622 1265 vastaverunt,
645 1236 761 1257 verum
780 1227 911 1267 Volsci,
936 1229 1087 1268 quamvis
1108 1229 1289 1259 exercitum
1310 1228 1530 1259 Romanorum
1553 1234 1689 1256 numero
1723 1233 1777 1253 su-

47 1287 208 1323 perarent,
228 1293 244 1314 a
261 1292 335 1313 sene
355 1282 494 1314 Camillo
513 1284 637 1317 devicti
652 1289 738 1317 sunt.
763 1285 1057 1317 Praenestinorum
1071 1286 1107 1317 in
1122 1285 1216 1317 caede
1230 1284 1430 1317 Volscorum
1442 1283 1534 1314 nulla
1550 1283 1588 1313 fit
1603 1281 1726 1312 mentio
1739 1280 1779 1319 5).

174 1344 225 1381 At
247 1360 330 1381 vero
363 1351 461 1380 Livii
491 1353 585 1392 quain
620 1356 715 1385 modo
747 1356 1074 1387 commemoravimus
1105 1354 1187 1386 belli
1219 1354 1421 1386 enarrationi
1445 1354 1523 1384 fides
1548 1353 1661 1383 haberi
1686 1351 1779 1381 nullo

49 1409 142 1441 modo
165 1413 281 1450 potest.
328 1407 477 1440 Primum
498 1407 633 1439 minime
657 1406 845 1438 verisimile
870 1407 1018 1449 videtur,
1041 1408 1203 1440 Romanos
1226 1409 1373 1440 victores
1397 1408 1587 1439 discessisse
1611 1418 1649 1437 ex
1670 1417 1778 1448 pugna

49 1471 161 1496 contra
188 1466 419 1497 Praenestinos
450 1470 481 1496 et
511 1465 716 1496 Veliternos.
762 1464 801 1496 Id
827 1465 891 1496 iam
917 1466 994 1498 Chr.
1019 1466 1144 1497 Miiller
1167 1466 1191 1498 l.
1222 1466 1244 1499 l.
1264 1467 1303 1507 I,
1327 1469 1390 1500 367
1413 1466 1603 1508 repudiavit
1626 1471 1655 1496 et
1680 1465 1777 1496 Livii

48 1522 170 1563 ipsius,
193 1522 363 1564 praeconis
386 1521 606 1554 victoriarum
627 1521 859 1564 Romanorum,
881 1522 1042 1554 submissa
1064 1523 1166 1554 verba
1191 1524 1411 1565 suspicionem
1431 1524 1575 1554 excitant
1590 1523 1617 1561 6)
1642 1528 1671 1552 et
1695 1523 1777 1552 belli

91 1644 115 1682 ¹)
137 1646 203 1674 Liv.
226 1646 282 1680 vl,
301 1646 350 1680 28,
371 1646 400 1676 7.
423 1647 509 1681 VIII,
532 1647 579 1680 14,
601 1647 630 1675 9.
674 1647 720 1674 Ob
749 1645 780 1672 id
810 1645 905 1682 ipsum
933 1655 990 1673 non
1015 1647 1194 1682 probandum
1215 1652 1275 1679 est,
1303 1647 1381 1680 quod
1409 1646 1542 1674 Niebuhr
1563 1648 1583 1675 1.
1604 1648 1623 1675 l.
1645 1648 1683 1679 11,
1707 1648 1775 1675 651.

123 1697 282 1724 Praeneste
303 1698 349 1733 (ut
368 1696 464 1726 Tibur
485 1708 514 1735 p.
537 1697 610 1734 652)
631 1698 841 1737 Aequorum
862 1696 1003 1733 oppidum
1024 1697 1128 1726 sactum
1145 1706 1210 1725 esse
1225 1695 1421 1725 existimavit.
1460 1696 1573 1733 Oppidi
1590 1695 1775 1729 condicione,

124 1747 198 1780 quae
219 1754 306 1781 supra
328 1735 477 1781 descripta
497 1754 552 1780 est,
575 1747 741 1781 argumenta
752 1746 911 1774 Niebubrii
933 1748 1108 1781 refutantur3
1130 1754 1159 1775 et
1181 1748 1258 1781 quod
1279 1747 1455 1774 Latinum
1477 1747 1617 1782 oppidum
1640 1755 1694 1773 una
1713 1756 1775 1773 curn

122 1795 268 1830 Aequis
289 1795 429 1824 Romanis
450 1796 568 1833 saepius
591 1796 698 1824 bellum
720 1795 839 1829 intulit,
855 1795 972 1823 minime
993 1796 1131 1831 sufficiet,
1154 1802 1185 1824 ut
1208 1796 1281 1823 illud
1304 1804 1366 1823 cum
1389 1796 1489 1822 horum
1512 1796 1632 1822 civitate
1655 1804 1775 1831 prorsus

124 1846 269 1873 coaluisse
290 1846 515 1874 existimandum
537 1847 588 1875 sit.

87 1893 113 1929 ²)
134 1895 200 1925 Liv.
221 1896 276 1929 vl,
297 1896 395 1929 21,.9.
414 1910 455 1916 ——-
473 1896 586 1923 Italiam
607 1901 673 1924 ante
691 1896 885 1924 Romanorum
904 1895 1059 1932 imperium
1082 1895 1194 1931 ingenti
1211 1895 1356 1923 hominum
1372 1905 1489 1923 numero
1507 1895 1660 1922 habitatam
1682 1895 1775 1921 fuisse

123 1945 231 1981 optime
253 1946 353 1974 docuit
374 1946 476 1974 Micali
499 1946 529 1974 in
550 1946 628 1974 libro
650 1945 701 1981 qui
734 1945 823 1974 inscr.
847 1945 934 1973 Italia
956 1944 1052 1973 avanti
1076 1955 1104 1980 q.
1123 1954 1185 1980 seq.
1229 1945 1318 1979 Quid,
1341 1946 1418 1980 quod
1434 1945 1532 1978 Gabii,
1555 1945 1695 1981 oppidum
1711 1945 1774 1971 loco

124 1996 198 2022 haud
228 2002 391 2032 opportuno
419 1997 526 2030 situm,
556 1997 693 2033 impetum
722 1995 881 2030 Tarquinii
911 1995 1000 2023 totius
1029 1996 1179 2024 exercitus
1200 1996 1400 2023 sustinuerunt
1422 1996 1523 2023 eodem
1542 2002 1689 2032 tempore,
1718 2004 1775 2029 quo

123 2043 243 2073 Romani
267 2046 381 2076 CXXX
398 2046 472 2075 miu.
495 2048 572 2075 hom.
594 2052 694 2074 contra
716 2046 815 2073 hostes
830 2045 937 2072 ducere
958 2051 1125 2080 putuerunt,
1149 2052 1178 2073 et
1198 2046 1278 2073 solus
1299 2046 1386 2073 Attus
1408 2046 1549 2073 Claudius
1578 2046 1649 2081 (sec.
1674 2045 1774 2072 Pater-

123 2094 230 2129 culum)
251 2096 382 2130 quinque
400 2096 494 2124 millia
514 2097 651 2125 clientum
671 2098 793 2134 Regillo
813 2098 931 2126 Romam
954 2103 1050 2124 secum
1072 2095 1169 2130 duxit,
1184 2095 1252 2124 alia.
1283 2096 1327 2125 Cf.
1343 2095 1478 2124 Frontin.
1495 2101 1614 2130 strateg.
1631 2096 1669 2128 11,
1682 2095 1710 2126 3,
1724 2094 1773 2122 21.

86 2140 115 2177 3)
135 2143 204 2171 Liv.
222 2145 277 2178 vl,
298 2147 346 2179 22,
362 2147 390 2176 3.
413 2160 454 2168 -·
473 2144 502 2182 4)
522 2147 589 2174 Liv.
605 2148 658 2180 vl,
673 2148 722 2181 21,
739 2148 814 2177 3-5.
830 2148 868 2176 cf.
886 2146 982 2175 Drak.
1000 2146 1035 2173 ad
1054 2146 1103 2179 21,
1118 2146 1147 2174 5.
1170 2160 1211 2167 —
1231 2145 1258 2182 ⁵)
1279 2146 1470 2179 Liv.vl‚24‚
1484 2148 1515 2174 ll
1534 2145 1669 2181 (Eutrop.
1680 2145 1721 2176 11,
1735 2142 1775 2178 1).

88 2189 114 2228 ⁶)
136 2194 190 2228 Vl,
208 2195 264 2229 22,
285 2197 320 2225 2:
351 2198 545 2232 „secundo
573 2198 727 2235 proelio
752 2202 909 2235 pugnatum
939 2201 992 2225 est.
1035 2196 1150 2237 Oppidi
1177 2195 1395 2233 obpugnatione
1423 2195 1533 2223 tribuni
1560 2194 1774 2226 abstinuerunt,

124 2244 193 2277 quia
213 2251 242 2272 et
263 2255 398 2284 anceps
421 2254 500 2277 erat
520 2249 619 2276 necin
639 2249 800 2285 perniciem
821 2249 955 2277 coloniae
977 2247 1163 2284 pugnandum
1183 2248 1379 2280 censebant‘53
1401 2255 1482 2281 quarn
1499 2245 1618 2273 eandem
1632 2245 1774 2272 coloniam

2155 1857 2208 1948 ἦ.
2200 1779 2204 1781 ,
