<?xml version="1.0" encoding="UTF-8"?>
<!DOCTYPE html PUBLIC "-//W3C//DTD XHTML 1.0 Transitional//EN"
    "http://www.w3.org/TR/xhtml1/DTD/xhtml1-transitional.dtd">
<html xmlns="http://www.w3.org/1999/xhtml" xml:lang="en" lang="en">
 <head>
  <title>
</title>
<meta http-equiv="Content-Type" content="text/html;charset=utf-8" />
  <meta name='ocr-system' content='tesseract 3.04.00' />
  <meta name='ocr-capabilities' content='ocr_page ocr_carea ocr_par ocr_line ocrx_word'/>
</head>
<body>
  <div class='ocr_page' id='page_1' title='image "./4626150_0039.png"; bbox 0 0 2208 2709; ppageno 0'>
   <div class='ocr_carea' id='block_1_1' title="bbox 1121 85 1172 125">
    <p class='ocr_par' dir='ltr' id='par_1_1' title="bbox 1121 85 1172 125">
     <span class='ocr_line' id='line_1_1' title="bbox 1121 85 1172 125; baseline 0 0"><span class='ocrx_word' id='word_1_1' title='bbox 1121 85 1172 125; x_wconf 78' lang='lat'>33</span> 
     </span>
    </p>
   </div>
   <div class='ocr_carea' id='block_1_2' title="bbox 1044 139 1256 148">
    <p class='ocr_par' dir='ltr' id='par_1_2' title="bbox 1044 139 1256 148">
     <span class='ocr_line' id='line_1_2' title="bbox 1044 139 1256 148; baseline 0 2561"><span class='ocrx_word' id='word_1_2' title='bbox 1044 139 1256 148; x_wconf 95' lang='lat' dir='ltr'> </span> 
     </span>
    </p>
   </div>
   <div class='ocr_carea' id='block_1_3' title="bbox 244 206 2021 1403">
    <p class='ocr_par' dir='ltr' id='par_1_3' title="bbox 278 206 2021 364">
     <span class='ocr_line' id='line_1_3' title="bbox 281 206 2021 253; baseline 0.001 -9"><span class='ocrx_word' id='word_1_3' title='bbox 281 210 492 244; x_wconf 70' lang='lat' dir='ltr'>Praenestini</span> <span class='ocrx_word' id='word_1_4' title='bbox 522 209 699 252; x_wconf 71' lang='lat' dir='ltr'>quidquam</span> <span class='ocrx_word' id='word_1_5' title='bbox 732 206 812 240; x_wconf 86' lang='lat' dir='ltr'>mali</span> <span class='ocrx_word' id='word_1_6' title='bbox 832 209 979 250; x_wconf 82' lang='lat' dir='ltr'>perpessi</span> <span class='ocrx_word' id='word_1_7' title='bbox 1000 215 1078 242; x_wconf 84' lang='lat' dir='ltr'>sunt</span> <span class='ocrx_word' id='word_1_8' title='bbox 1094 209 1130 252; x_wconf 85' lang='lat'>¹).</span> <span class='ocrx_word' id='word_1_9' title='bbox 1174 208 1299 242; x_wconf 79' lang='lat' dir='ltr'>Lucius</span> <span class='ocrx_word' id='word_1_10' title='bbox 1321 209 1503 250; x_wconf 84' lang='lat' dir='ltr'>Antonius,</span> <span class='ocrx_word' id='word_1_11' title='bbox 1524 215 1563 241; x_wconf 87' lang='lat' dir='ltr'>ut</span> <span class='ocrx_word' id='word_1_12' title='bbox 1573 209 1750 243; x_wconf 80' lang='lat' dir='ltr'>Praeneste</span> <span class='ocrx_word' id='word_1_13' title='bbox 1773 211 1960 253; x_wconf 82' lang='lat' dir='ltr'>excederet,</span> <span class='ocrx_word' id='word_1_14' title='bbox 1983 224 2021 245; x_wconf 89' lang='lat' dir='ltr'>eo</span> 
     </span>
     <span class='ocr_line' id='line_1_4' title="bbox 280 267 2021 310; baseline 0 -9"><span class='ocrx_word' id='word_1_15' title='bbox 280 269 439 301; x_wconf 77' lang='lat' dir='ltr'>adductus</span> <span class='ocrx_word' id='word_1_16' title='bbox 458 279 529 303; x_wconf 78' lang='lat' dir='ltr'>esse</span> <span class='ocrx_word' id='word_1_17' title='bbox 553 267 712 308; x_wconf 73' lang='lat' dir='ltr'>videtur,</span> <span class='ocrx_word' id='word_1_18' title='bbox 735 267 821 308; x_wconf 86' lang='lat' dir='ltr'>quod</span> <span class='ocrx_word' id='word_1_19' title='bbox 841 267 937 300; x_wconf 86' lang='lat' dir='ltr'>fidem</span> <span class='ocrx_word' id='word_1_20' title='bbox 955 273 1122 310; x_wconf 82' lang='lat' dir='ltr'>praestare</span> <span class='ocrx_word' id='word_1_21' title='bbox 1143 268 1320 300; x_wconf 87' lang='lat' dir='ltr'>noluerunt</span> <span class='ocrx_word' id='word_1_22' title='bbox 1341 268 1569 309; x_wconf 73' lang='lat' dir='ltr'><strong>Praenestini,</strong></span> <span class='ocrx_word' id='word_1_23' title='bbox 1598 278 1739 310; x_wconf 84' lang='lat' dir='ltr'>quorum</span> <span class='ocrx_word' id='word_1_24' title='bbox 1771 274 1937 310; x_wconf 86' lang='lat' dir='ltr'>patronus·</span> <span class='ocrx_word' id='word_1_25' title='bbox 1962 270 2021 302; x_wconf 88' lang='lat' dir='ltr'>ille</span> 
     </span>
     <span class='ocr_line' id='line_1_5' title="bbox 278 324 604 364; baseline -0.009 -6"><span class='ocrx_word' id='word_1_26' title='bbox 278 326 418 358; x_wconf 64' lang='lat' dir='ltr'>forme</span> <span class='ocrx_word' id='word_1_27' title='bbox 441 329 512 357; x_wconf 83' lang='lat' dir='ltr'>erat</span> <span class='ocrx_word' id='word_1_28' title='bbox 522 324 560 364; x_wconf 61' lang='grc' dir='ltr'>ἵ).</span> <span class='ocrx_word' id='word_1_29' title='bbox 601 352 604 355; x_wconf 95' lang='grc'><strong>.</strong></span> 
     </span>
    </p>

    <p class='ocr_par' dir='ltr' id='par_1_4' title="bbox 244 381 2021 1403">
     <span class='ocr_line' id='line_1_6' title="bbox 406 381 2021 426; baseline 0 -10"><span class='ocrx_word' id='word_1_30' title='bbox 406 382 531 416; x_wconf 72' lang='lat' dir='ltr'>melior</span> <span class='ocrx_word' id='word_1_31' title='bbox 558 381 850 416; x_wconf 80' lang='lat' dir='ltr'>Praenestinorum</span> <span class='ocrx_word' id='word_1_32' title='bbox 879 383 1031 416; x_wconf 83' lang='lat' dir='ltr'>condicio</span> <span class='ocrx_word' id='word_1_33' title='bbox 1062 383 1128 415; x_wconf 83' lang='lat' dir='ltr'>fuit</span> <span class='ocrx_word' id='word_1_34' title='bbox 1157 382 1391 425; x_wconf 84' lang='lat' dir='ltr'>imperatorum</span> <span class='ocrx_word' id='word_1_35' title='bbox 1420 383 1640 416; x_wconf 89' lang='lat' dir='ltr'>Romanorum</span> <span class='ocrx_word' id='word_1_36' title='bbox 1670 383 1900 426; x_wconf 81' lang='lat' dir='ltr'>temporibus3</span> <span class='ocrx_word' id='word_1_37' title='bbox 1944 395 2021 416; x_wconf 82' lang='lat' dir='ltr'>narn</span> 
     </span>
     <span class='ocr_line' id='line_1_7' title="bbox 276 439 2013 482; baseline 0.001 -11"><span class='ocrx_word' id='word_1_38' title='bbox 276 441 430 482; x_wconf 85' lang='lat' dir='ltr'>oppidum</span> <span class='ocrx_word' id='word_1_39' title='bbox 453 439 648 472; x_wconf 81' lang='lat' dir='ltr'>Caesaribus</span> <span class='ocrx_word' id='word_1_40' title='bbox 670 441 739 472; x_wconf 71' lang='lat' dir='ltr'>fere</span> <span class='ocrx_word' id='word_1_41' title='bbox 761 442 914 473; x_wconf 89' lang='lat' dir='ltr'>omnibus</span> <span class='ocrx_word' id='word_1_42' title='bbox 936 442 1017 473; x_wconf 87' lang='lat' dir='ltr'>satis</span> <span class='ocrx_word' id='word_1_43' title='bbox 1038 446 1167 481; x_wconf 82' lang='lat' dir='ltr'>gratum</span> <span class='ocrx_word' id='word_1_44' title='bbox 1191 441 1293 472; x_wconf 76' lang='lat' dir='ltr'>fnisse</span> <span class='ocrx_word' id='word_1_45' title='bbox 1316 441 1463 481; x_wconf 80' lang='lat' dir='ltr'>videtur,</span> <span class='ocrx_word' id='word_1_46' title='bbox 1488 446 1520 473; x_wconf 88' lang='lat' dir='ltr'>et</span> <span class='ocrx_word' id='word_1_47' title='bbox 1542 451 1603 482; x_wconf 88' lang='lat' dir='ltr'>pro</span> <span class='ocrx_word' id='word_1_48' title='bbox 1626 447 1719 474; x_wconf 84' lang='lat' dir='ltr'>certo</span> <span class='ocrx_word' id='word_1_49' title='bbox 1743 442 1927 473; x_wconf 87' lang='lat' dir='ltr'>habendum</span> <span class='ocrx_word' id='word_1_50' title='bbox 1950 446 2013 482; x_wconf 87' lang='lat' dir='ltr'>est,</span> 
     </span>
     <span class='ocr_line' id='line_1_8' title="bbox 276 496 2011 540; baseline 0.001 -12"><span class='ocrx_word' id='word_1_51' title='bbox 276 505 456 528; x_wconf 73' lang='lat' dir='ltr'>caesaream</span> <span class='ocrx_word' id='word_1_52' title='bbox 487 496 606 528; x_wconf 86' lang='lat' dir='ltr'>villam</span> <span class='ocrx_word' id='word_1_53' title='bbox 638 497 680 528; x_wconf 61' lang='lat' dir='ltr'>iu&gt;</span> <span class='ocrx_word' id='word_1_54' title='bbox 703 498 920 530; x_wconf 84' lang='lat' dir='ltr'>Praenestino</span> <span class='ocrx_word' id='word_1_55' title='bbox 950 508 1028 538; x_wconf 81' lang='lat' dir='ltr'>agro</span> <span class='ocrx_word' id='word_1_56' title='bbox 1059 497 1161 529; x_wconf 83' lang='lat' dir='ltr'>fuisse</span> <span class='ocrx_word' id='word_1_57' title='bbox 1192 508 1296 538; x_wconf 89' lang='lat' dir='ltr'>neque</span> <span class='ocrx_word' id='word_1_58' title='bbox 1319 498 1531 539; x_wconf 87' lang='lat' dir='ltr'>imperatores</span> <span class='ocrx_word' id='word_1_59' title='bbox 1554 500 1689 540; x_wconf 87' lang='lat' dir='ltr'>propria</span> <span class='ocrx_word' id='word_1_60' title='bbox 1713 499 1808 531; x_wconf 87' lang='lat' dir='ltr'>domo</span> <span class='ocrx_word' id='word_1_61' title='bbox 1830 509 1908 530; x_wconf 87' lang='lat' dir='ltr'>usos</span> <span class='ocrx_word' id='word_1_62' title='bbox 1930 508 2011 531; x_wconf 87' lang='lat' dir='ltr'>esse.</span> 
     </span>
     <span class='ocr_line' id='line_1_9' title="bbox 276 553 2013 598; baseline 0.002 -13"><span class='ocrx_word' id='word_1_63' title='bbox 276 553 460 594; x_wconf 78' lang='lat' dir='ltr'>Augustum</span> <span class='ocrx_word' id='word_1_64' title='bbox 485 553 630 586; x_wconf 82' lang='lat' dir='ltr'>libenter</span> <span class='ocrx_word' id='word_1_65' title='bbox 651 555 829 589; x_wconf 79' lang='lat' dir='ltr'>Praeneste</span> <span class='ocrx_word' id='word_1_66' title='bbox 857 556 1031 588; x_wconf 75' lang='lat' dir='ltr'>recessisse</span> <span class='ocrx_word' id='word_1_67' title='bbox 1054 566 1151 598; x_wconf 82' lang='lat' dir='ltr'>supra</span> <span class='ocrx_word' id='word_1_68' title='bbox 1174 555 1489 597; x_wconf 82' lang='lat' dir='ltr'>demonstravimus,</span> <span class='ocrx_word' id='word_1_69' title='bbox 1518 561 1551 588; x_wconf 84' lang='lat' dir='ltr'>et</span> <span class='ocrx_word' id='word_1_70' title='bbox 1585 558 1719 589; x_wconf 89' lang='lat' dir='ltr'>omnino</span> <span class='ocrx_word' id='word_1_71' title='bbox 1746 558 1926 598; x_wconf 85' lang='lat' dir='ltr'>imperator</span> <span class='ocrx_word' id='word_1_72' title='bbox 1952 556 2013 589; x_wconf 87' lang='lat' dir='ltr'>ille</span> 
     </span>
     <span class='ocr_line' id='line_1_10' title="bbox 276 611 2011 656; baseline 0.002 -15"><span class='ocrx_word' id='word_1_73' title='bbox 276 611 503 643; x_wconf 72' lang='lat' dir='ltr'>Praenestinis</span> <span class='ocrx_word' id='word_1_74' title='bbox 531 612 737 652; x_wconf 84' lang='lat' dir='ltr'>gratissimus</span> <span class='ocrx_word' id='word_1_75' title='bbox 768 614 872 646; x_wconf 81' lang='lat' dir='ltr'>fuisse</span> <span class='ocrx_word' id='word_1_76' title='bbox 898 614 1054 654; x_wconf 82' lang='lat' dir='ltr'>videtur,</span> <span class='ocrx_word' id='word_1_77' title='bbox 1087 624 1186 656; x_wconf 89' lang='lat' dir='ltr'>quum</span> <span class='ocrx_word' id='word_1_78' title='bbox 1214 614 1372 645; x_wconf 84' lang='lat' dir='ltr'>eximium</span> <span class='ocrx_word' id='word_1_79' title='bbox 1397 625 1472 655; x_wconf 78' lang='lat' dir='ltr'>erga</span> <span class='ocrx_word' id='word_1_80' title='bbox 1500 614 1687 655; x_wconf 81' lang='lat' dir='ltr'>Augustum</span> <span class='ocrx_word' id='word_1_81' title='bbox 1719 625 1833 646; x_wconf 89' lang='lat' dir='ltr'>eorum</span> <span class='ocrx_word' id='word_1_82' title='bbox 1864 625 2011 646; x_wconf 85' lang='lat' dir='ltr'>amorem</span> 
     </span>
     <span class='ocr_line' id='line_1_11' title="bbox 276 668 2008 713; baseline 0.002 -14"><span class='ocrx_word' id='word_1_83' title='bbox 276 678 411 709; x_wconf 81' lang='lat' dir='ltr'>magnus</span> <span class='ocrx_word' id='word_1_84' title='bbox 435 668 693 710; x_wconf 73' lang='lat' dir='ltr'>inscriptionum</span> <span class='ocrx_word' id='word_1_85' title='bbox 710 682 865 703; x_wconf 87' lang='lat' dir='ltr'>numerus</span> <span class='ocrx_word' id='word_1_86' title='bbox 885 676 1032 704; x_wconf 76' lang='lat' dir='ltr'>testetur.</span> <span class='ocrx_word' id='word_1_87' title='bbox 1077 671 1221 712; x_wconf 81' lang='lat' dir='ltr'>Augusti</span> <span class='ocrx_word' id='word_1_88' title='bbox 1243 672 1420 703; x_wconf 79' lang='lat' dir='ltr'>etiamtunc</span> <span class='ocrx_word' id='word_1_89' title='bbox 1438 672 1591 703; x_wconf 84' lang='lat' dir='ltr'>viventis</span> <span class='ocrx_word' id='word_1_90' title='bbox 1613 677 1645 703; x_wconf 91' lang='lat' dir='ltr'>et</span> <span class='ocrx_word' id='word_1_91' title='bbox 1666 677 1777 713; x_wconf 90' lang='lat' dir='ltr'>postea</span> <span class='ocrx_word' id='word_1_92' title='bbox 1793 672 1867 704; x_wconf 91' lang='lat' dir='ltr'>divi</span> <span class='ocrx_word' id='word_1_93' title='bbox 1890 672 2008 703; x_wconf 86' lang='lat' dir='ltr'>flamen</span> 
     </span>
     <span class='ocr_line' id='line_1_12' title="bbox 277 725 2004 771; baseline 0.002 -14"><span class='ocrx_word' id='word_1_94' title='bbox 277 725 452 757; x_wconf 81' lang='lat' dir='ltr'>Praeneste</span> <span class='ocrx_word' id='word_1_95' title='bbox 468 731 550 767; x_wconf 85' lang='lat' dir='ltr'>erat,</span> <span class='ocrx_word' id='word_1_96' title='bbox 572 728 657 769; x_wconf 87' lang='lat' dir='ltr'>quod</span> <span class='ocrx_word' id='word_1_97' title='bbox 681 730 900 762; x_wconf 85' lang='lat' dir='ltr'>sacerdotium</span> <span class='ocrx_word' id='word_1_98' title='bbox 927 740 1029 771; x_wconf 87' lang='lat' dir='ltr'>usque</span> <span class='ocrx_word' id='word_1_99' title='bbox 1053 728 1093 761; x_wconf 89' lang='lat' dir='ltr'>ad</span> <span class='ocrx_word' id='word_1_100' title='bbox 1115 739 1235 760; x_wconf 87' lang='lat' dir='ltr'>annum</span> <span class='ocrx_word' id='word_1_101' title='bbox 1254 730 1317 762; x_wconf 74' lang='lat'>243</span> <span class='ocrx_word' id='word_1_102' title='bbox 1331 739 1362 770; x_wconf 88' lang='lat' dir='ltr'>p.</span> <span class='ocrx_word' id='word_1_103' title='bbox 1380 729 1457 762; x_wconf 91' lang='lat' dir='ltr'>Chr.</span> <span class='ocrx_word' id='word_1_104' title='bbox 1481 730 1614 761; x_wconf 88' lang='lat' dir='ltr'>durasse</span> <span class='ocrx_word' id='word_1_105' title='bbox 1629 730 1883 762; x_wconf 85' lang='lat' dir='ltr'>existimandum</span> <span class='ocrx_word' id='word_1_106' title='bbox 1902 734 1952 761; x_wconf 84' lang='lat' dir='ltr'>est</span> <span class='ocrx_word' id='word_1_107' title='bbox 1964 730 2004 769; x_wconf 86' lang='lat'>³).</span> 
     </span>
     <span class='ocr_line' id='line_1_13' title="bbox 277 781 2003 829; baseline 0.002 -16"><span class='ocrx_word' id='word_1_108' title='bbox 277 781 411 823; x_wconf 82' lang='lat' dir='ltr'>Insigne</span> <span class='ocrx_word' id='word_1_109' title='bbox 434 783 723 818; x_wconf 82' lang='lat' dir='ltr'>Praenestinorum</span> <span class='ocrx_word' id='word_1_110' title='bbox 746 798 822 829; x_wconf 84' lang='lat' dir='ltr'>erga</span> <span class='ocrx_word' id='word_1_111' title='bbox 834 788 1022 829; x_wconf 82' lang='lat' dir='ltr'>Augustum</span> <span class='ocrx_word' id='word_1_112' title='bbox 1042 786 1147 818; x_wconf 81' lang='lat' dir='ltr'>studii</span> <span class='ocrx_word' id='word_1_113' title='bbox 1170 787 1396 817; x_wconf 83' lang='lat' dir='ltr'>testimonium</span> <span class='ocrx_word' id='word_1_114' title='bbox 1418 787 1572 818; x_wconf 79' lang='lat' dir='ltr'>exhibent</span> <span class='ocrx_word' id='word_1_115' title='bbox 1592 787 1781 819; x_wconf 84' lang='lat' dir='ltr'>lithostrota</span> <span class='ocrx_word' id='word_1_116' title='bbox 1802 787 1861 819; x_wconf 86' lang='lat' dir='ltr'>illa</span> <span class='ocrx_word' id='word_1_117' title='bbox 1883 787 2003 818; x_wconf 82' lang='lat' dir='ltr'>claris-</span> 
     </span>
     <span class='ocr_line' id='line_1_14' title="bbox 275 840 2002 884; baseline 0.002 -13"><span class='ocrx_word' id='word_1_118' title='bbox 275 840 371 880; x_wconf 85' lang='lat' dir='ltr'>sima,</span> <span class='ocrx_word' id='word_1_119' title='bbox 396 852 476 882; x_wconf 82' lang='lat' dir='ltr'>quae</span> <span class='ocrx_word' id='word_1_120' title='bbox 500 842 676 874; x_wconf 84' lang='lat' dir='ltr'>Praeneste</span> <span class='ocrx_word' id='word_1_121' title='bbox 697 845 757 875; x_wconf 88' lang='lat' dir='ltr'>sub</span> <span class='ocrx_word' id='word_1_122' title='bbox 780 846 888 884; x_wconf 88' lang='lat' dir='ltr'>primo</span> <span class='ocrx_word' id='word_1_123' title='bbox 911 845 949 875; x_wconf 81' lang='lat' dir='ltr'>ad</span> <span class='ocrx_word' id='word_1_124' title='bbox 973 843 1130 884; x_wconf 86' lang='lat' dir='ltr'>templum</span> <span class='ocrx_word' id='word_1_125' title='bbox 1159 843 1260 883; x_wconf 85' lang='lat' dir='ltr'>gradu</span> <span class='ocrx_word' id='word_1_126' title='bbox 1283 849 1409 884; x_wconf 87' lang='lat' dir='ltr'>reperta</span> <span class='ocrx_word' id='word_1_127' title='bbox 1436 844 1686 875; x_wconf 85' lang='lat' dir='ltr'>admirationem</span> <span class='ocrx_word' id='word_1_128' title='bbox 1713 845 1815 875; x_wconf 82' lang='lat' dir='ltr'>adhuc</span> <span class='ocrx_word' id='word_1_129' title='bbox 1845 845 2002 876; x_wconf 83' lang='lat' dir='ltr'>excitant.</span> 
     </span>
     <span class='ocr_line' id='line_1_15' title="bbox 244 897 2001 942; baseline 0.003 -16"><span class='ocrx_word' id='word_1_130' title='bbox 244 923 246 925; x_wconf 76' lang='grc'>,</span> <span class='ocrx_word' id='word_1_131' title='bbox 277 897 381 928; x_wconf 86' lang='lat' dir='ltr'>Cuius</span> <span class='ocrx_word' id='word_1_132' title='bbox 405 898 454 928; x_wconf 90' lang='lat' dir='ltr'>rei</span> <span class='ocrx_word' id='word_1_133' title='bbox 478 898 568 930; x_wconf 88' lang='lat' dir='ltr'>solus</span> <span class='ocrx_word' id='word_1_134' title='bbox 593 899 725 932; x_wconf 87' lang='lat' dir='ltr'>Plinius</span> <span class='ocrx_word' id='word_1_135' title='bbox 748 901 794 931; x_wconf 87' lang='lat' dir='ltr'>ita</span> <span class='ocrx_word' id='word_1_136' title='bbox 816 902 1015 931; x_wconf 87' lang='lat' dir='ltr'>mentionem</span> <span class='ocrx_word' id='word_1_137' title='bbox 1036 901 1117 931; x_wconf 79' lang='lat' dir='ltr'>facit</span> <span class='ocrx_word' id='word_1_138' title='bbox 1140 900 1186 941; x_wconf 91' lang='lat' dir='ltr'>(h.</span> <span class='ocrx_word' id='word_1_139' title='bbox 1209 911 1240 933; x_wconf 88' lang='lat' dir='ltr'>n.</span> <span class='ocrx_word' id='word_1_140' title='bbox 1266 900 1437 940; x_wconf 81' lang='lat' dir='ltr'>XXXVI,</span> <span class='ocrx_word' id='word_1_141' title='bbox 1461 900 1518 940; x_wconf 78' lang='lat'>64)</span> <span class='ocrx_word' id='word_1_142' title='bbox 1541 905 1578 931; x_wconf 90' lang='lat' dir='ltr'>ut</span> <span class='ocrx_word' id='word_1_143' title='bbox 1601 900 1699 931; x_wconf 86' lang='lat' dir='ltr'>simul</span> <span class='ocrx_word' id='word_1_144' title='bbox 1717 901 1918 942; x_wconf 83' lang='lat' dir='ltr'>comprobet,</span> <span class='ocrx_word' id='word_1_145' title='bbox 1944 900 2001 931; x_wconf 89' lang='lat' dir='ltr'>illa</span> 
     </span>
     <span class='ocr_line' id='line_1_16' title="bbox 276 953 2002 999; baseline 0.002 -15"><span class='ocrx_word' id='word_1_146' title='bbox 276 953 478 994; x_wconf 81' lang='lat' dir='ltr'>lithostrota,</span> <span class='ocrx_word' id='word_1_147' title='bbox 503 967 583 997; x_wconf 83' lang='lat' dir='ltr'>quae</span> <span class='ocrx_word' id='word_1_148' title='bbox 606 957 715 988; x_wconf 86' lang='lat' dir='ltr'>Plinii</span> <span class='ocrx_word' id='word_1_149' title='bbox 736 962 883 998; x_wconf 87' lang='lat' dir='ltr'>tempore</span> <span class='ocrx_word' id='word_1_150' title='bbox 900 957 1053 998; x_wconf 85' lang='lat' dir='ltr'>parvulis</span> <span class='ocrx_word' id='word_1_151' title='bbox 1078 957 1236 989; x_wconf 82' lang='lat' dir='ltr'>crustulis</span> <span class='ocrx_word' id='word_1_152' title='bbox 1258 958 1438 997; x_wconf 83' lang='lat' dir='ltr'>exstabant,</span> <span class='ocrx_word' id='word_1_153' title='bbox 1466 968 1533 989; x_wconf 89' lang='lat' dir='ltr'>non</span> <span class='ocrx_word' id='word_1_154' title='bbox 1548 957 1656 988; x_wconf 87' lang='lat' dir='ltr'>eadem</span> <span class='ocrx_word' id='word_1_155' title='bbox 1672 957 1785 998; x_wconf 84' lang='lat' dir='ltr'>fuisse,</span> <span class='ocrx_word' id='word_1_156' title='bbox 1806 969 1887 999; x_wconf 85' lang='lat' dir='ltr'>quae</span> <span class='ocrx_word' id='word_1_157' title='bbox 1905 958 2002 988; x_wconf 90' lang='lat' dir='ltr'>hodie</span> 
     </span>
     <span class='ocr_line' id='line_1_17' title="bbox 273 1011 2002 1056; baseline 0.002 -15"><span class='ocrx_word' id='word_1_158' title='bbox 273 1011 481 1045; x_wconf 81' lang='lat' dir='ltr'>admiramur.</span> <span class='ocrx_word' id='word_1_159' title='bbox 526 1014 633 1055; x_wconf 89' lang='lat' dir='ltr'>Atqui</span> <span class='ocrx_word' id='word_1_160' title='bbox 652 1015 731 1046; x_wconf 87' lang='lat' dir='ltr'>haec</span> <span class='ocrx_word' id='word_1_161' title='bbox 753 1014 855 1046; x_wconf 86' lang='lat' dir='ltr'>altera</span> <span class='ocrx_word' id='word_1_162' title='bbox 875 1015 1063 1046; x_wconf 85' lang='lat' dir='ltr'>lithostrota</span> <span class='ocrx_word' id='word_1_163' title='bbox 1082 1015 1226 1055; x_wconf 86' lang='lat' dir='ltr'>Augusti</span> <span class='ocrx_word' id='word_1_164' title='bbox 1242 1016 1456 1056; x_wconf 82' lang='lat' dir='ltr'>temporibus,</span> <span class='ocrx_word' id='word_1_165' title='bbox 1476 1020 1563 1045; x_wconf 88' lang='lat' dir='ltr'>certe</span> <span class='ocrx_word' id='word_1_166' title='bbox 1583 1026 1649 1045; x_wconf 90' lang='lat' dir='ltr'>non</span> <span class='ocrx_word' id='word_1_167' title='bbox 1673 1020 1748 1046; x_wconf 85' lang='lat' dir='ltr'>ante</span> <span class='ocrx_word' id='word_1_168' title='bbox 1761 1015 1870 1054; x_wconf 76' lang='lat' dir='ltr'>illum,</span> <span class='ocrx_word' id='word_1_169' title='bbox 1895 1015 2002 1056; x_wconf 82' lang='lat' dir='ltr'>posita</span> 
     </span>
     <span class='ocr_line' id='line_1_18' title="bbox 275 1070 2001 1114; baseline 0.002 -15"><span class='ocrx_word' id='word_1_170' title='bbox 275 1073 352 1099; x_wconf 87' lang='lat' dir='ltr'>sunt</span> <span class='ocrx_word' id='word_1_171' title='bbox 374 1073 469 1111; x_wconf 87' lang='lat' dir='ltr'>atque</span> <span class='ocrx_word' id='word_1_172' title='bbox 489 1070 625 1103; x_wconf 89' lang='lat' dir='ltr'>eundem</span> <span class='ocrx_word' id='word_1_173' title='bbox 651 1072 882 1113; x_wconf 83' lang='lat' dir='ltr'>imperatorem</span> <span class='ocrx_word' id='word_1_174' title='bbox 901 1072 1047 1114; x_wconf 83' lang='lat' dir='ltr'>Aegypti</span> <span class='ocrx_word' id='word_1_175' title='bbox 1071 1073 1131 1104; x_wconf 87' lang='lat' dir='ltr'>sub</span> <span class='ocrx_word' id='word_1_176' title='bbox 1148 1072 1319 1114; x_wconf 87' lang='lat' dir='ltr'>Cleopatra</span> <span class='ocrx_word' id='word_1_177' title='bbox 1340 1073 1505 1104; x_wconf 81' lang='lat' dir='ltr'>victorem</span> <span class='ocrx_word' id='word_1_178' title='bbox 1527 1072 1702 1104; x_wconf 86' lang='lat' dir='ltr'>ostendunt</span> <span class='ocrx_word' id='word_1_179' title='bbox 1715 1095 1724 1112; x_wconf 84' lang='lat'>‚</span> <span class='ocrx_word' id='word_1_180' title='bbox 1757 1083 1880 1113; x_wconf 86' lang='lat' dir='ltr'>quercu</span> <span class='ocrx_word' id='word_1_181' title='bbox 1906 1081 2001 1102; x_wconf 89' lang='lat' dir='ltr'>eoro-</span> 
     </span>
     <span class='ocr_line' id='line_1_19' title="bbox 275 1127 2003 1171; baseline 0.001 -14"><span class='ocrx_word' id='word_1_182' title='bbox 275 1131 406 1167; x_wconf 87' lang='lat' dir='ltr'>natum,</span> <span class='ocrx_word' id='word_1_183' title='bbox 438 1127 605 1168; x_wconf 81' lang='lat' dir='ltr'>legionum</span> <span class='ocrx_word' id='word_1_184' title='bbox 635 1129 757 1170; x_wconf 83' lang='lat' dir='ltr'>aquilis</span> <span class='ocrx_word' id='word_1_185' title='bbox 786 1130 940 1161; x_wconf 86' lang='lat' dir='ltr'>cinctum.</span> <span class='ocrx_word' id='word_1_186' title='bbox 986 1130 1090 1161; x_wconf 87' lang='lat' dir='ltr'>Initio</span> <span class='ocrx_word' id='word_1_187' title='bbox 1113 1131 1234 1161; x_wconf 89' lang='lat' dir='ltr'>mensis</span> <span class='ocrx_word' id='word_1_188' title='bbox 1255 1130 1400 1171; x_wconf 79' lang='lat' dir='ltr'>Augusti</span> <span class='ocrx_word' id='word_1_189' title='bbox 1422 1129 1592 1170; x_wconf 81' lang='lat' dir='ltr'>Aegyptus</span> <span class='ocrx_word' id='word_1_190' title='bbox 1619 1130 1658 1160; x_wconf 89' lang='lat' dir='ltr'>ah</span> <span class='ocrx_word' id='word_1_191' title='bbox 1689 1129 1840 1169; x_wconf 82' lang='lat' dir='ltr'>Augusto</span> <span class='ocrx_word' id='word_1_192' title='bbox 1873 1133 2003 1167; x_wconf 86' lang='lat' dir='ltr'>recepta</span> 
     </span>
     <span class='ocr_line' id='line_1_20' title="bbox 274 1185 2002 1228; baseline 0 -14"><span class='ocrx_word' id='word_1_193' title='bbox 274 1188 333 1223; x_wconf 84' lang='lat' dir='ltr'>est,</span> <span class='ocrx_word' id='word_1_194' title='bbox 357 1195 421 1225; x_wconf 91' lang='lat' dir='ltr'>quo</span> <span class='ocrx_word' id='word_1_195' title='bbox 445 1190 590 1226; x_wconf 84' lang='lat' dir='ltr'>tempore</span> <span class='ocrx_word' id='word_1_196' title='bbox 614 1185 716 1217; x_wconf 88' lang='lat' dir='ltr'>Nilus</span> <span class='ocrx_word' id='word_1_197' title='bbox 737 1186 827 1228; x_wconf 82' lang='lat' dir='ltr'>ripas</span> <span class='ocrx_word' id='word_1_198' title='bbox 849 1187 994 1227; x_wconf 86' lang='lat' dir='ltr'>excedit,</span> <span class='ocrx_word' id='word_1_199' title='bbox 1023 1197 1118 1227; x_wconf 88' lang='lat' dir='ltr'>quem</span> <span class='ocrx_word' id='word_1_200' title='bbox 1140 1197 1292 1228; x_wconf 87' lang='lat' dir='ltr'>aquarum</span> <span class='ocrx_word' id='word_1_201' title='bbox 1322 1196 1455 1227; x_wconf 80' lang='lat' dir='ltr'>magnae</span> <span class='ocrx_word' id='word_1_202' title='bbox 1477 1186 1581 1217; x_wconf 87' lang='lat' dir='ltr'>undae</span> <span class='ocrx_word' id='word_1_203' title='bbox 1612 1186 1787 1217; x_wconf 88' lang='lat' dir='ltr'>ostendunt</span> <span class='ocrx_word' id='word_1_204' title='bbox 1798 1187 1839 1225; x_wconf 76' lang='lat'>4).</span> <span class='ocrx_word' id='word_1_205' title='bbox 1887 1185 2002 1224; x_wconf 83' lang='lat' dir='ltr'>Augu-</span> 
     </span>
     <span class='ocr_line' id='line_1_21' title="bbox 272 1240 2002 1284; baseline 0 -13"><span class='ocrx_word' id='word_1_206' title='bbox 272 1245 358 1272; x_wconf 88' lang='lat' dir='ltr'>stum</span> <span class='ocrx_word' id='word_1_207' title='bbox 379 1242 458 1273; x_wconf 87' lang='lat' dir='ltr'>item</span> <span class='ocrx_word' id='word_1_208' title='bbox 483 1254 605 1284; x_wconf 84' lang='lat' dir='ltr'>quercu</span> <span class='ocrx_word' id='word_1_209' title='bbox 630 1250 820 1277; x_wconf 86' lang='lat' dir='ltr'>coronatum</span> <span class='ocrx_word' id='word_1_210' title='bbox 848 1244 926 1275; x_wconf 80' lang='lat' dir='ltr'>fasti</span> <span class='ocrx_word' id='word_1_211' title='bbox 957 1244 1073 1275; x_wconf 85' lang='lat' dir='ltr'>Praen.</span> <span class='ocrx_word' id='word_1_212' title='bbox 1099 1243 1180 1276; x_wconf 89' lang='lat' dir='ltr'>idib.</span> <span class='ocrx_word' id='word_1_213' title='bbox 1205 1244 1273 1277; x_wconf 88' lang='lat' dir='ltr'>Ian.</span> <span class='ocrx_word' id='word_1_214' title='bbox 1300 1244 1456 1275; x_wconf 78' lang='lat' dir='ltr'>exhibent</span> <span class='ocrx_word' id='word_1_215' title='bbox 1487 1248 1520 1274; x_wconf 91' lang='lat' dir='ltr'>et</span> <span class='ocrx_word' id='word_1_216' title='bbox 1552 1244 1826 1284; x_wconf 82' lang='lat' dir='ltr'>expugnationem</span> <span class='ocrx_word' id='word_1_217' title='bbox 1857 1240 2002 1282; x_wconf 74' lang='lat' dir='ltr'>Aegypti</span> 
     </span>
     <span class='ocr_line' id='line_1_22' title="bbox 273 1298 2004 1342; baseline 0.001 -14"><span class='ocrx_word' id='word_1_218' title='bbox 273 1307 432 1331; x_wconf 81' lang='lat' dir='ltr'>summurn</span> <span class='ocrx_word' id='word_1_219' title='bbox 453 1300 605 1340; x_wconf 85' lang='lat' dir='ltr'>gaudium</span> <span class='ocrx_word' id='word_1_220' title='bbox 627 1303 787 1334; x_wconf 83' lang='lat' dir='ltr'>excitasse</span> <span class='ocrx_word' id='word_1_221' title='bbox 809 1306 841 1333; x_wconf 87' lang='lat' dir='ltr'>et</span> <span class='ocrx_word' id='word_1_222' title='bbox 858 1302 967 1342; x_wconf 87' lang='lat' dir='ltr'>magni</span> <span class='ocrx_word' id='word_1_223' title='bbox 990 1301 1146 1333; x_wconf 89' lang='lat' dir='ltr'>momenti</span> <span class='ocrx_word' id='word_1_224' title='bbox 1166 1301 1275 1333; x_wconf 89' lang='lat' dir='ltr'>visam</span> <span class='ocrx_word' id='word_1_225' title='bbox 1298 1312 1367 1332; x_wconf 90' lang='lat' dir='ltr'>esse</span> <span class='ocrx_word' id='word_1_226' title='bbox 1393 1301 1490 1332; x_wconf 85' lang='lat' dir='ltr'>etiam</span> <span class='ocrx_word' id='word_1_227' title='bbox 1521 1301 1557 1331; x_wconf 92' lang='lat' dir='ltr'>in</span> <span class='ocrx_word' id='word_1_228' title='bbox 1579 1301 1774 1341; x_wconf 87' lang='lat' dir='ltr'>municipiis</span> <span class='ocrx_word' id='word_1_229' title='bbox 1805 1304 1838 1330; x_wconf 84' lang='lat' dir='ltr'>et</span> <span class='ocrx_word' id='word_1_230' title='bbox 1860 1298 2004 1330; x_wconf 86' lang='lat' dir='ltr'>coloniis</span> 
     </span>
     <span class='ocr_line' id='line_1_23' title="bbox 272 1354 2005 1403; baseline 0 -17"><span class='ocrx_word' id='word_1_231' title='bbox 272 1365 307 1386; x_wconf 84' lang='lat' dir='ltr'>ea</span> <span class='ocrx_word' id='word_1_232' title='bbox 328 1365 364 1388; x_wconf 87' lang='lat' dir='ltr'>re</span> <span class='ocrx_word' id='word_1_233' title='bbox 387 1358 635 1400; x_wconf 82' lang='lat' dir='ltr'>comprobatur,</span> <span class='ocrx_word' id='word_1_234' title='bbox 658 1359 745 1403; x_wconf 68' lang='lat' dir='ltr'>quod</span> <span class='ocrx_word' id='word_1_235' title='bbox 765 1360 826 1393; x_wconf 73' lang='lat' dir='ltr'>illa</span> <span class='ocrx_word' id='word_1_236' title='bbox 847 1361 883 1392; x_wconf 78' lang='lat' dir='ltr'>in</span> <span class='ocrx_word' id='word_1_237' title='bbox 903 1359 1012 1401; x_wconf 77' lang='lat' dir='ltr'>fastos</span> <span class='ocrx_word' id='word_1_238' title='bbox 1035 1362 1166 1401; x_wconf 80' lang='lat' dir='ltr'>recepta</span> <span class='ocrx_word' id='word_1_239' title='bbox 1189 1358 1286 1400; x_wconf 80' lang='lat' dir='ltr'>est5).</span> <span class='ocrx_word' id='word_1_240' title='bbox 1332 1359 1484 1400; x_wconf 86' lang='lat' dir='ltr'>Denique</span> <span class='ocrx_word' id='word_1_241' title='bbox 1506 1357 1834 1400; x_wconf 81' lang='lat' dir='ltr'>praetermittendum</span> <span class='ocrx_word' id='word_1_242' title='bbox 1859 1366 1926 1387; x_wconf 90' lang='lat' dir='ltr'>non</span> <span class='ocrx_word' id='word_1_243' title='bbox 1948 1354 2005 1386; x_wconf 79' lang='lat' dir='ltr'>vi-</span> 
     </span>
    </p>
   </div>
   <div class='ocr_carea' id='block_1_4' title="bbox 271 1411 2004 1509">
    <p class='ocr_par' dir='ltr' id='par_1_5' title="bbox 271 1411 2004 1509">
     <span class='ocr_line' id='line_1_24' title="bbox 275 1411 2004 1453; baseline -0.006 -4"><span class='ocrx_word' id='word_1_244' title='bbox 275 1412 372 1442; x_wconf 72' lang='lat' dir='ltr'>detur</span> <span class='ocrx_word' id='word_1_245' title='bbox 395 1413 554 1443; x_wconf 76' lang='lat' dir='ltr'>hodierna</span> <span class='ocrx_word' id='word_1_246' title='bbox 571 1415 763 1445; x_wconf 66' lang='lat' dir='ltr'>lithostrota</span> <span class='ocrx_word' id='word_1_247' title='bbox 780 1426 917 1451; x_wconf 79' lang='lat' dir='ltr'>prorsus</span> <span class='ocrx_word' id='word_1_248' title='bbox 942 1415 1008 1448; x_wconf 84' lang='lat' dir='ltr'>alio</span> <span class='ocrx_word' id='word_1_249' title='bbox 1031 1416 1105 1446; x_wconf 81' lang='lat' dir='ltr'>ioco</span> <span class='ocrx_word' id='word_1_250' title='bbox 1128 1420 1258 1453; x_wconf 83' lang='lat' dir='ltr'>reperta</span> <span class='ocrx_word' id='word_1_251' title='bbox 1281 1424 1351 1446; x_wconf 84' lang='lat' dir='ltr'>esse</span> <span class='ocrx_word' id='word_1_252' title='bbox 1372 1419 1467 1449; x_wconf 75' lang='lat' dir='ltr'>atque</span> <span class='ocrx_word' id='word_1_253' title='bbox 1490 1413 1571 1449; x_wconf 83' lang='lat' dir='ltr'>illo,</span> <span class='ocrx_word' id='word_1_254' title='bbox 1594 1424 1688 1449; x_wconf 79' lang='lat' dir='ltr'>quem</span> <span class='ocrx_word' id='word_1_255' title='bbox 1712 1413 1847 1441; x_wconf 68' lang='lat' dir='ltr'>Plinius</span> <span class='ocrx_word' id='word_1_256' title='bbox 1862 1412 1885 1440; x_wconf 83' lang='grc'>1.</span> <span class='ocrx_word' id='word_1_257' title='bbox 1902 1411 1924 1439; x_wconf 89' lang='lat' dir='ltr'>l.</span> <span class='ocrx_word' id='word_1_258' title='bbox 1951 1411 2004 1439; x_wconf 83' lang='lat' dir='ltr'>in-</span> 
     </span>
     <span class='ocr_line' id='line_1_25' title="bbox 271 1465 2003 1509; baseline -0.002 -10"><span class='ocrx_word' id='word_1_259' title='bbox 271 1469 378 1508; x_wconf 87' lang='lat' dir='ltr'>dicat,</span> <span class='ocrx_word' id='word_1_260' title='bbox 405 1478 467 1509; x_wconf 86' lang='lat' dir='ltr'>qua</span> <span class='ocrx_word' id='word_1_261' title='bbox 500 1478 536 1499; x_wconf 84' lang='lat' dir='ltr'>re</span> <span class='ocrx_word' id='word_1_262' title='bbox 560 1467 676 1508; x_wconf 79' lang='lat' dir='ltr'>Nihby</span> <span class='ocrx_word' id='word_1_263' title='bbox 695 1467 717 1499; x_wconf 94' lang='lat' dir='ltr'>l.</span> <span class='ocrx_word' id='word_1_264' title='bbox 740 1467 764 1498; x_wconf 84' lang='lat' dir='ltr'>l.</span> <span class='ocrx_word' id='word_1_265' title='bbox 794 1477 824 1507; x_wconf 86' lang='lat' dir='ltr'>p.</span> <span class='ocrx_word' id='word_1_266' title='bbox 850 1468 918 1500; x_wconf 83' lang='lat'>292</span> <span class='ocrx_word' id='word_1_267' title='bbox 943 1467 1001 1507; x_wconf 86' lang='lat' dir='ltr'>qui</span> <span class='ocrx_word' id='word_1_268' title='bbox 1027 1466 1163 1497; x_wconf 85' lang='lat' dir='ltr'>Sullana</span> <span class='ocrx_word' id='word_1_269' title='bbox 1194 1470 1227 1496; x_wconf 83' lang='lat' dir='ltr'>et</span> <span class='ocrx_word' id='word_1_270' title='bbox 1259 1470 1371 1495; x_wconf 87' lang='lat' dir='ltr'>nostra</span> <span class='ocrx_word' id='word_1_271' title='bbox 1392 1465 1581 1505; x_wconf 86' lang='lat' dir='ltr'>pavimenta</span> <span class='ocrx_word' id='word_1_272' title='bbox 1604 1466 1712 1496; x_wconf 88' lang='lat' dir='ltr'>eadem</span> <span class='ocrx_word' id='word_1_273' title='bbox 1735 1476 1804 1497; x_wconf 90' lang='lat' dir='ltr'>esse</span> <span class='ocrx_word' id='word_1_274' title='bbox 1825 1465 1911 1496; x_wconf 72' lang='lat' dir='ltr'>salso</span> <span class='ocrx_word' id='word_1_275' title='bbox 1932 1466 2003 1495; x_wconf 87' lang='lat' dir='ltr'>exi·</span> 
     </span>
    </p>
   </div>
   <div class='ocr_carea' id='block_1_5' title="bbox 273 1521 2003 1614">
    <p class='ocr_par' dir='ltr' id='par_1_6' title="bbox 273 1521 2003 1614">
     <span class='ocr_line' id='line_1_26' title="bbox 273 1521 2003 1564; baseline -0.002 -9"><span class='ocrx_word' id='word_1_276' title='bbox 273 1525 443 1564; x_wconf 83' lang='lat' dir='ltr'>stimavit‚</span> <span class='ocrx_word' id='word_1_277' title='bbox 477 1525 514 1556; x_wconf 87' lang='lat' dir='ltr'>in</span> <span class='ocrx_word' id='word_1_278' title='bbox 543 1534 615 1556; x_wconf 89' lang='lat' dir='ltr'>eum</span> <span class='ocrx_word' id='word_1_279' title='bbox 648 1534 793 1556; x_wconf 87' lang='lat' dir='ltr'>errorem</span> <span class='ocrx_word' id='word_1_280' title='bbox 820 1523 936 1555; x_wconf 89' lang='lat' dir='ltr'>ductus</span> <span class='ocrx_word' id='word_1_281' title='bbox 965 1527 1033 1562; x_wconf 84' lang='lat' dir='ltr'>est,</span> <span class='ocrx_word' id='word_1_282' title='bbox 1073 1527 1111 1554; x_wconf 87' lang='lat' dir='ltr'>ut</span> <span class='ocrx_word' id='word_1_283' title='bbox 1139 1522 1203 1553; x_wconf 85' lang='lat' dir='ltr'>duo</span> <span class='ocrx_word' id='word_1_284' title='bbox 1235 1522 1356 1563; x_wconf 85' lang='lat' dir='ltr'>templa</span> <span class='ocrx_word' id='word_1_285' title='bbox 1386 1521 1552 1552; x_wconf 84' lang='lat' dir='ltr'>Fortunae</span> <span class='ocrx_word' id='word_1_286' title='bbox 1583 1521 1759 1553; x_wconf 86' lang='lat' dir='ltr'>Praeneste</span> <span class='ocrx_word' id='word_1_287' title='bbox 1788 1521 1891 1553; x_wconf 78' lang='lat' dir='ltr'>fuisse</span> <span class='ocrx_word' id='word_1_288' title='bbox 1918 1521 2003 1553; x_wconf 86' lang='lat' dir='ltr'>male</span> 
     </span>
     <span class='ocr_line' id='line_1_27' title="bbox 274 1581 490 1614; baseline 0.005 -1"><span class='ocrx_word' id='word_1_289' title='bbox 274 1581 490 1614; x_wconf 78' lang='lat' dir='ltr'>contenderit.</span> 
     </span>
    </p>
   </div>
   <div class='ocr_carea' id='block_1_6' title="bbox 313 1666 2009 2347">
    <p class='ocr_par' dir='ltr' id='par_1_7' title="bbox 317 1666 2003 1756">
     <span class='ocr_line' id='line_1_28' title="bbox 317 1666 2003 1706; baseline -0.003 -7"><span class='ocrx_word' id='word_1_290' title='bbox 317 1670 342 1706; x_wconf 84' lang='lat'>1)</span> <span class='ocrx_word' id='word_1_291' title='bbox 364 1670 425 1699; x_wconf 88' lang='lat' dir='ltr'>Dio</span> <span class='ocrx_word' id='word_1_292' title='bbox 447 1670 480 1699; x_wconf 86' lang='lat' dir='ltr'>C.</span> <span class='ocrx_word' id='word_1_293' title='bbox 502 1670 643 1703; x_wconf 79' lang='lat' dir='ltr'>XLVIII,</span> <span class='ocrx_word' id='word_1_294' title='bbox 665 1669 701 1697; x_wconf 88' lang='lat'>10</span> <span class='ocrx_word' id='word_1_295' title='bbox 722 1674 751 1696; x_wconf 90' lang='lat' dir='ltr'>et</span> <span class='ocrx_word' id='word_1_296' title='bbox 770 1669 850 1698; x_wconf 84' lang='lat' dir='ltr'>ven.</span> <span class='ocrx_word' id='word_1_297' title='bbox 871 1669 987 1697; x_wconf 83' lang='lat' dir='ltr'>Patere.</span> <span class='ocrx_word' id='word_1_298' title='bbox 1009 1669 1049 1702; x_wconf 90' lang='lat'>11,</span> <span class='ocrx_word' id='word_1_299' title='bbox 1065 1667 1104 1697; x_wconf 72' lang='lat'>74</span> <span class='ocrx_word' id='word_1_300' title='bbox 1125 1667 1214 1695; x_wconf 81' lang='lat' dir='ltr'>solam</span> <span class='ocrx_word' id='word_1_301' title='bbox 1230 1666 1362 1695; x_wconf 87' lang='lat' dir='ltr'>Fulviam</span> <span class='ocrx_word' id='word_1_302' title='bbox 1378 1667 1537 1696; x_wconf 85' lang='lat' dir='ltr'>Praeneste</span> <span class='ocrx_word' id='word_1_303' title='bbox 1550 1676 1583 1695; x_wconf 91' lang='lat' dir='ltr'>se</span> <span class='ocrx_word' id='word_1_304' title='bbox 1603 1668 1765 1695; x_wconf 82' lang='lat' dir='ltr'>contulisse</span> <span class='ocrx_word' id='word_1_305' title='bbox 1787 1667 1920 1700; x_wconf 81' lang='lat' dir='ltr'>tradunt;</span> <span class='ocrx_word' id='word_1_306' title='bbox 1942 1667 2003 1702; x_wconf 82' lang='lat' dir='ltr'>Ap-</span> 
     </span>
     <span class='ocr_line' id='line_1_29' title="bbox 351 1716 1632 1756; baseline -0.002 -10"><span class='ocrx_word' id='word_1_307' title='bbox 351 1720 456 1756; x_wconf 88' lang='lat' dir='ltr'>pianus</span> <span class='ocrx_word' id='word_1_308' title='bbox 477 1727 564 1751; x_wconf 78' lang='lat' dir='ltr'>veru,</span> <span class='ocrx_word' id='word_1_309' title='bbox 586 1727 671 1752; x_wconf 90' lang='lat' dir='ltr'>quem</span> <span class='ocrx_word' id='word_1_310' title='bbox 692 1718 808 1752; x_wconf 87' lang='lat' dir='ltr'>sequuti</span> <span class='ocrx_word' id='word_1_311' title='bbox 831 1726 939 1751; x_wconf 89' lang='lat' dir='ltr'>sumus,</span> <span class='ocrx_word' id='word_1_312' title='bbox 969 1718 998 1745; x_wconf 90' lang='lat' dir='ltr'>d.</span> <span class='ocrx_word' id='word_1_313' title='bbox 1020 1719 1050 1745; x_wconf 90' lang='lat' dir='ltr'>b.</span> <span class='ocrx_word' id='word_1_314' title='bbox 1073 1727 1098 1745; x_wconf 92' lang='lat' dir='ltr'>c.</span> <span class='ocrx_word' id='word_1_315' title='bbox 1121 1718 1161 1750; x_wconf 88' lang='lat' dir='ltr'>V,</span> <span class='ocrx_word' id='word_1_316' title='bbox 1183 1717 1219 1745; x_wconf 84' lang='lat'>21</span> <span class='ocrx_word' id='word_1_317' title='bbox 1242 1716 1407 1744; x_wconf 79' lang='lat' dir='ltr'>accuratius</span> <span class='ocrx_word' id='word_1_318' title='bbox 1429 1726 1488 1743; x_wconf 88' lang='lat' dir='ltr'>rem</span> <span class='ocrx_word' id='word_1_319' title='bbox 1510 1722 1632 1744; x_wconf 82' lang='lat' dir='ltr'>enarrat.</span> 
     </span>
    </p>

    <p class='ocr_par' dir='ltr' id='par_1_8' title="bbox 315 1765 2004 1854">
     <span class='ocr_line' id='line_1_30' title="bbox 315 1765 2004 1806; baseline -0.001 -10"><span class='ocrx_word' id='word_1_320' title='bbox 315 1767 343 1806; x_wconf 78' lang='grc'>2&gt;</span> <span class='ocrx_word' id='word_1_321' title='bbox 363 1769 435 1797; x_wconf 81' lang='lat' dir='ltr'>Nam</span> <span class='ocrx_word' id='word_1_322' title='bbox 455 1769 511 1796; x_wconf 84' lang='lat' dir='ltr'>huc</span> <span class='ocrx_word' id='word_1_323' title='bbox 532 1768 714 1796; x_wconf 78' lang='lat' dir='ltr'>referendum</span> <span class='ocrx_word' id='word_1_324' title='bbox 735 1767 877 1796; x_wconf 84' lang='lat' dir='ltr'>existimo</span> <span class='ocrx_word' id='word_1_325' title='bbox 898 1766 1052 1796; x_wconf 83' lang='lat' dir='ltr'>Ciceronis</span> <span class='ocrx_word' id='word_1_326' title='bbox 1071 1767 1194 1795; x_wconf 76' lang='lat' dir='ltr'>mordax</span> <span class='ocrx_word' id='word_1_327' title='bbox 1214 1772 1244 1795; x_wconf 86' lang='lat' dir='ltr'>et</span> <span class='ocrx_word' id='word_1_328' title='bbox 1257 1766 1393 1801; x_wconf 83' lang='lat' dir='ltr'>ambigua</span> <span class='ocrx_word' id='word_1_329' title='bbox 1414 1766 1466 1795; x_wconf 88' lang='lat' dir='ltr'>illa</span> <span class='ocrx_word' id='word_1_330' title='bbox 1480 1766 1626 1796; x_wconf 84' lang='lat' dir='ltr'>sententia</span> <span class='ocrx_word' id='word_1_331' title='bbox 1646 1765 1791 1804; x_wconf 85' lang='lat' dir='ltr'>(philipp.</span> <span class='ocrx_word' id='word_1_332' title='bbox 1808 1765 1883 1802; x_wconf 81' lang='lat' dir='ltr'>V1):</span> <span class='ocrx_word' id='word_1_333' title='bbox 1907 1766 2004 1795; x_wconf 84' lang='lat' dir='ltr'>iacent</span> 
     </span>
     <span class='ocr_line' id='line_1_31' title="bbox 349 1817 1393 1854; baseline 0 -8"><span class='ocrx_word' id='word_1_334' title='bbox 349 1818 492 1847; x_wconf 76' lang='lat' dir='ltr'>beneficia</span> <span class='ocrx_word' id='word_1_335' title='bbox 511 1819 641 1846; x_wconf 80' lang='lat' dir='ltr'>Nuculae</span> <span class='ocrx_word' id='word_1_336' title='bbox 661 1818 712 1854; x_wconf 80' lang='lat' dir='ltr'>(of.</span> <span class='ocrx_word' id='word_1_337' title='bbox 734 1828 764 1854; x_wconf 84' lang='lat' dir='ltr'>p.</span> <span class='ocrx_word' id='word_1_338' title='bbox 789 1819 825 1846; x_wconf 82' lang='lat'>10</span> <span class='ocrx_word' id='word_1_339' title='bbox 846 1827 874 1846; x_wconf 85' lang='lat' dir='ltr'>n.</span> <span class='ocrx_word' id='word_1_340' title='bbox 897 1817 940 1852; x_wconf 82' lang='lat'>6),</span> <span class='ocrx_word' id='word_1_341' title='bbox 962 1818 1054 1852; x_wconf 81' lang='lat' dir='ltr'>friget</span> <span class='ocrx_word' id='word_1_342' title='bbox 1074 1823 1213 1853; x_wconf 79' lang='lat' dir='ltr'>patronus</span> <span class='ocrx_word' id='word_1_343' title='bbox 1234 1817 1393 1846; x_wconf 79' lang='lat' dir='ltr'>Antonius.</span> 
     </span>
    </p>

    <p class='ocr_par' dir='ltr' id='par_1_9' title="bbox 313 1866 1682 1904">
     <span class='ocr_line' id='line_1_32' title="bbox 313 1866 1682 1904; baseline -0.001 -8"><span class='ocrx_word' id='word_1_344' title='bbox 313 1866 342 1904; x_wconf 84' lang='lat'>3)</span> <span class='ocrx_word' id='word_1_345' title='bbox 363 1868 408 1896; x_wconf 87' lang='lat' dir='ltr'>cf.</span> <span class='ocrx_word' id='word_1_346' title='bbox 431 1867 525 1897; x_wconf 89' lang='lat' dir='ltr'>Orelli</span> <span class='ocrx_word' id='word_1_347' title='bbox 547 1867 635 1896; x_wconf 88' lang='lat' dir='ltr'>inser.</span> <span class='ocrx_word' id='word_1_348' title='bbox 657 1867 745 1896; x_wconf 82' lang='lat'>2391.</span> <span class='ocrx_word' id='word_1_349' title='bbox 766 1867 869 1894; x_wconf 80' lang='lat' dir='ltr'>flamen</span> <span class='ocrx_word' id='word_1_350' title='bbox 891 1866 1019 1902; x_wconf 82' lang='lat' dir='ltr'>Augusti</span> <span class='ocrx_word' id='word_1_351' title='bbox 1041 1867 1171 1895; x_wconf 80' lang='lat' dir='ltr'>viventis</span> <span class='ocrx_word' id='word_1_352' title='bbox 1192 1867 1279 1901; x_wconf 75' lang='lat'><strong>3874,</strong></span> <span class='ocrx_word' id='word_1_353' title='bbox 1300 1866 1364 1894; x_wconf 84' lang='lat' dir='ltr'>divi</span> <span class='ocrx_word' id='word_1_354' title='bbox 1387 1866 1474 1896; x_wconf 83' lang='lat'>2303.</span> <span class='ocrx_word' id='word_1_355' title='bbox 1497 1866 1577 1896; x_wconf 79' lang='lat'>2532</span> <span class='ocrx_word' id='word_1_356' title='bbox 1598 1867 1682 1895; x_wconf 83' lang='lat' dir='ltr'>alias.</span> 
     </span>
    </p>

    <p class='ocr_par' dir='ltr' id='par_1_10' title="bbox 315 1915 2004 2099">
     <span class='ocr_line' id='line_1_33' title="bbox 315 1915 2004 1954; baseline -0.001 -7"><span class='ocrx_word' id='word_1_357' title='bbox 315 1917 343 1954; x_wconf 78' lang='lat'>⁴¹)</span> <span class='ocrx_word' id='word_1_358' title='bbox 365 1919 397 1949; x_wconf 89' lang='lat' dir='ltr'>C.</span> <span class='ocrx_word' id='word_1_359' title='bbox 420 1920 457 1948; x_wconf 86' lang='lat' dir='ltr'>O.</span> <span class='ocrx_word' id='word_1_360' title='bbox 477 1918 587 1946; x_wconf 70' lang='lat' dir='ltr'>Mtiller</span> <span class='ocrx_word' id='word_1_361' title='bbox 607 1918 627 1946; x_wconf 92' lang='lat' dir='ltr'>l.</span> <span class='ocrx_word' id='word_1_362' title='bbox 651 1918 671 1946; x_wconf 85' lang='lat' dir='ltr'>l.</span> <span class='ocrx_word' id='word_1_363' title='bbox 690 1915 798 1953; x_wconf 83' lang='lat'>§.323</span> <span class='ocrx_word' id='word_1_364' title='bbox 818 1927 847 1952; x_wconf 89' lang='lat' dir='ltr'>p.</span> <span class='ocrx_word' id='word_1_365' title='bbox 870 1916 946 1950; x_wconf 79' lang='lat'>438,</span> <span class='ocrx_word' id='word_1_366' title='bbox 973 1917 1025 1950; x_wconf 84' lang='lat' dir='ltr'>qui</span> <span class='ocrx_word' id='word_1_367' title='bbox 1046 1923 1077 1945; x_wconf 85' lang='lat' dir='ltr'>et</span> <span class='ocrx_word' id='word_1_368' title='bbox 1098 1917 1164 1953; x_wconf 86' lang='lat' dir='ltr'>ipse</span> <span class='ocrx_word' id='word_1_369' title='bbox 1185 1917 1304 1945; x_wconf 85' lang='lat' dir='ltr'>Sullana</span> <span class='ocrx_word' id='word_1_370' title='bbox 1323 1917 1495 1945; x_wconf 79' lang='lat' dir='ltr'>lithostrota</span> <span class='ocrx_word' id='word_1_371' title='bbox 1516 1918 1634 1945; x_wconf 77' lang='lat' dir='ltr'>diversa</span> <span class='ocrx_word' id='word_1_372' title='bbox 1652 1927 1669 1945; x_wconf 83' lang='lat' dir='ltr'>a</span> <span class='ocrx_word' id='word_1_373' title='bbox 1689 1917 1797 1945; x_wconf 78' lang='lat' dir='ltr'>nostris</span> <span class='ocrx_word' id='word_1_374' title='bbox 1821 1927 1887 1946; x_wconf 84' lang='lat' dir='ltr'>esse</span> <span class='ocrx_word' id='word_1_375' title='bbox 1904 1924 2004 1945; x_wconf 82' lang='lat' dir='ltr'>censet</span> 
     </span>
     <span class='ocr_line' id='line_1_34' title="bbox 351 1965 2004 2002; baseline -0.002 -7"><span class='ocrx_word' id='word_1_376' title='bbox 351 1973 438 2002; x_wconf 80' lang='lat' dir='ltr'>atque</span> <span class='ocrx_word' id='word_1_377' title='bbox 458 1967 488 1994; x_wconf 91' lang='lat' dir='ltr'>in</span> <span class='ocrx_word' id='word_1_378' title='bbox 510 1967 556 1994; x_wconf 85' lang='lat' dir='ltr'>his</span> <span class='ocrx_word' id='word_1_379' title='bbox 576 1967 677 1994; x_wconf 83' lang='lat' dir='ltr'>alteris</span> <span class='ocrx_word' id='word_1_380' title='bbox 690 1966 824 2002; x_wconf 82' lang='lat' dir='ltr'>Aegypti</span> <span class='ocrx_word' id='word_1_381' title='bbox 844 1970 939 1993; x_wconf 86' lang='lat' dir='ltr'>terrae</span> <span class='ocrx_word' id='word_1_382' title='bbox 961 1965 1189 2001; x_wconf 83' lang='lat' dir='ltr'>descriptionem</span> <span class='ocrx_word' id='word_1_383' title='bbox 1210 1965 1365 2001; x_wconf 81' lang='lat' dir='ltr'>perspicit,</span> <span class='ocrx_word' id='word_1_384' title='bbox 1388 1966 1486 1993; x_wconf 75' lang='lat' dir='ltr'>laudat</span> <span class='ocrx_word' id='word_1_385' title='bbox 1503 1966 1573 1992; x_wconf 91' lang='lat' dir='ltr'>libr.</span> <span class='ocrx_word' id='word_1_386' title='bbox 1587 1966 1639 2000; x_wconf 90' lang='lat' dir='ltr'>qui</span> <span class='ocrx_word' id='word_1_387' title='bbox 1658 1966 1765 1995; x_wconf 88' lang='lat' dir='ltr'>inscr.:</span> <span class='ocrx_word' id='word_1_388' title='bbox 1783 1967 1842 1993; x_wconf 87' lang='lat' dir='ltr'>Fea</span> <span class='ocrx_word' id='word_1_389' title='bbox 1863 1966 2004 2001; x_wconf 74' lang='lat' dir='ltr'>L&#39;Egitto</span> 
     </span>
     <span class='ocr_line' id='line_1_35' title="bbox 351 2014 2004 2052; baseline -0.001 -8"><span class='ocrx_word' id='word_1_390' title='bbox 351 2016 534 2052; x_wconf 79' lang='lat' dir='ltr'>conquistato</span> <span class='ocrx_word' id='word_1_391' title='bbox 558 2016 606 2043; x_wconf 76' lang='lat' dir='ltr'>dal</span> <span class='ocrx_word' id='word_1_392' title='bbox 632 2016 706 2052; x_wconf 88' lang='lat' dir='ltr'>Imp.</span> <span class='ocrx_word' id='word_1_393' title='bbox 728 2016 834 2043; x_wconf 80' lang='lat' dir='ltr'>Cesare</span> <span class='ocrx_word' id='word_1_394' title='bbox 856 2015 935 2050; x_wconf 80' lang='lat' dir='ltr'>Aug.</span> <span class='ocrx_word' id='word_1_395' title='bbox 958 2023 1046 2051; x_wconf 84' lang='lat' dir='ltr'>sopra</span> <span class='ocrx_word' id='word_1_396' title='bbox 1066 2015 1222 2051; x_wconf 76' lang='lat' dir='ltr'>Cleopatra</span> <span class='ocrx_word' id='word_1_397' title='bbox 1247 2024 1263 2042; x_wconf 91' lang='lat' dir='ltr'>e</span> <span class='ocrx_word' id='word_1_398' title='bbox 1281 2014 1321 2043; x_wconf 83' lang='lat' dir='ltr'>M.</span> <span class='ocrx_word' id='word_1_399' title='bbox 1341 2015 1412 2043; x_wconf 84' lang='lat' dir='ltr'>Ant.</span> <span class='ocrx_word' id='word_1_400' title='bbox 1434 2023 1531 2051; x_wconf 87' lang='lat' dir='ltr'>rappr.</span> <span class='ocrx_word' id='word_1_401' title='bbox 1552 2015 1601 2042; x_wconf 87' lang='lat' dir='ltr'>nel</span> <span class='ocrx_word' id='word_1_402' title='bbox 1621 2015 1750 2043; x_wconf 82' lang='lat' dir='ltr'>musaico</span> <span class='ocrx_word' id='word_1_403' title='bbox 1773 2015 1804 2043; x_wconf 84' lang='lat' dir='ltr'>di</span> <span class='ocrx_word' id='word_1_404' title='bbox 1825 2016 2004 2043; x_wconf 75' lang='lat' dir='ltr'>Palestrina.</span> 
     </span>
     <span class='ocr_line' id='line_1_36' title="bbox 351 2064 1571 2099; baseline -0.001 -6"><span class='ocrx_word' id='word_1_405' title='bbox 351 2066 409 2094; x_wconf 80' lang='lat' dir='ltr'>Hic</span> <span class='ocrx_word' id='word_1_406' title='bbox 430 2066 517 2099; x_wconf 88' lang='lat' dir='ltr'>liber,</span> <span class='ocrx_word' id='word_1_407' title='bbox 535 2065 620 2092; x_wconf 90' lang='lat' dir='ltr'>cuius</span> <span class='ocrx_word' id='word_1_408' title='bbox 640 2064 744 2092; x_wconf 85' lang='lat' dir='ltr'>titulus</span> <span class='ocrx_word' id='word_1_409' title='bbox 764 2065 856 2092; x_wconf 82' lang='lat' dir='ltr'>index</span> <span class='ocrx_word' id='word_1_410' title='bbox 874 2065 1037 2099; x_wconf 84' lang='lat' dir='ltr'>argumenti</span> <span class='ocrx_word' id='word_1_411' title='bbox 1059 2070 1114 2098; x_wconf 84' lang='lat' dir='ltr'>est,</span> <span class='ocrx_word' id='word_1_412' title='bbox 1133 2064 1208 2091; x_wconf 83' lang='lat' dir='ltr'>mihi</span> <span class='ocrx_word' id='word_1_413' title='bbox 1232 2073 1288 2092; x_wconf 89' lang='lat' dir='ltr'>non</span> <span class='ocrx_word' id='word_1_414' title='bbox 1310 2065 1346 2091; x_wconf 81' lang='lat' dir='ltr'>ad</span> <span class='ocrx_word' id='word_1_415' title='bbox 1368 2073 1479 2092; x_wconf 85' lang='lat' dir='ltr'>manum</span> <span class='ocrx_word' id='word_1_416' title='bbox 1500 2070 1571 2092; x_wconf 84' lang='lat' dir='ltr'>erat.</span> 
     </span>
    </p>

    <p class='ocr_par' dir='ltr' id='par_1_11' title="bbox 315 2113 2009 2347">
     <span class='ocr_line' id='line_1_37' title="bbox 315 2113 2006 2150; baseline -0.002 -8"><span class='ocrx_word' id='word_1_417' title='bbox 315 2113 342 2150; x_wconf 83' lang='lat'>⁵)</span> <span class='ocrx_word' id='word_1_418' title='bbox 364 2115 484 2142; x_wconf 79' lang='lat' dir='ltr'>Caleud.</span> <span class='ocrx_word' id='word_1_419' title='bbox 507 2114 619 2143; x_wconf 84' lang='lat' dir='ltr'>Antiat.</span> <span class='ocrx_word' id='word_1_420' title='bbox 643 2114 732 2141; x_wconf 85' lang='lat' dir='ltr'>initio</span> <span class='ocrx_word' id='word_1_421' title='bbox 753 2114 861 2142; x_wconf 83' lang='lat' dir='ltr'>mensis</span> <span class='ocrx_word' id='word_1_422' title='bbox 879 2114 974 2148; x_wconf 80' lang='lat' dir='ltr'>Aug.:</span> <span class='ocrx_word' id='word_1_423' title='bbox 998 2114 1055 2142; x_wconf 88' lang='grc' dir='ltr'>ΕΚ</span> <span class='ocrx_word' id='word_1_424' title='bbox 1072 2133 1080 2143; x_wconf 90' lang='grc'><strong>.</strong></span> <span class='ocrx_word' id='word_1_425' title='bbox 1097 2114 1176 2141; x_wconf 86' lang='lat' dir='ltr'>AUC</span> <span class='ocrx_word' id='word_1_426' title='bbox 1197 2114 1242 2142; x_wconf 88' lang='lat' dir='ltr'>lv</span> <span class='ocrx_word' id='word_1_427' title='bbox 1260 2114 1287 2140; x_wconf 90' lang='lat' dir='ltr'>P</span> <span class='ocrx_word' id='word_1_428' title='bbox 1307 2114 1387 2148; x_wconf 81' lang='lat' dir='ltr'>Aug.</span> <span class='ocrx_word' id='word_1_429' title='bbox 1409 2114 1557 2141; x_wconf 82' lang='lat' dir='ltr'>Alexand.</span> <span class='ocrx_word' id='word_1_430' title='bbox 1578 2114 1701 2150; x_wconf 85' lang='lat' dir='ltr'>recepit.</span> <span class='ocrx_word' id='word_1_431' title='bbox 1723 2127 1763 2136; x_wconf 86' lang='lat'>·-·</span> <span class='ocrx_word' id='word_1_432' title='bbox 1784 2113 1915 2148; x_wconf 76' lang='lat' dir='ltr'>Augusti</span> <span class='ocrx_word' id='word_1_433' title='bbox 1938 2121 2006 2146; x_wconf 83' lang='lat' dir='ltr'>erga</span> 
     </span>
     <span class='ocr_line' id='line_1_38' title="bbox 350 2162 2007 2200; baseline -0.002 -9"><span class='ocrx_word' id='word_1_434' title='bbox 350 2164 489 2192; x_wconf 87' lang='lat' dir='ltr'>Verrium</span> <span class='ocrx_word' id='word_1_435' title='bbox 502 2164 631 2190; x_wconf 79' lang='lat' dir='ltr'>Flaccum</span> <span class='ocrx_word' id='word_1_436' title='bbox 644 2171 771 2190; x_wconf 84' lang='lat' dir='ltr'>summus</span> <span class='ocrx_word' id='word_1_437' title='bbox 790 2163 873 2190; x_wconf 83' lang='lat' dir='ltr'>favor</span> <span class='ocrx_word' id='word_1_438' title='bbox 894 2163 925 2190; x_wconf 90' lang='lat' dir='ltr'>in</span> <span class='ocrx_word' id='word_1_439' title='bbox 947 2171 1044 2190; x_wconf 88' lang='lat' dir='ltr'>omnes</span> <span class='ocrx_word' id='word_1_440' title='bbox 1065 2163 1275 2190; x_wconf 85' lang='lat' dir='ltr'>Praenestinos</span> <span class='ocrx_word' id='word_1_441' title='bbox 1297 2163 1476 2193; x_wconf 78' lang='lat' dir='ltr'>redundasse</span> <span class='ocrx_word' id='word_1_442' title='bbox 1497 2163 1634 2200; x_wconf 80' lang='lat' dir='ltr'>videtur3</span> <span class='ocrx_word' id='word_1_443' title='bbox 1658 2172 1721 2191; x_wconf 88' lang='lat' dir='ltr'>nam</span> <span class='ocrx_word' id='word_1_444' title='bbox 1737 2164 1895 2191; x_wconf 75' lang='lat' dir='ltr'>Patronurn</span> <span class='ocrx_word' id='word_1_445' title='bbox 1916 2162 2007 2188; x_wconf 79' lang='lat' dir='ltr'>Prae-</span> 
     </span>
     <span class='ocr_line' id='line_1_39' title="bbox 350 2203 2009 2250; baseline -0.001 -10"><span class='ocrx_word' id='word_1_446' title='bbox 350 2212 443 2242; x_wconf 86' lang='lat' dir='ltr'>nestis</span> <span class='ocrx_word' id='word_1_447' title='bbox 464 2212 571 2250; x_wconf 82' lang='lat' dir='ltr'>oppidi</span> <span class='ocrx_word' id='word_1_448' title='bbox 592 2217 640 2240; x_wconf 80' lang='lat' dir='ltr'>aut</span> <span class='ocrx_word' id='word_1_449' title='bbox 661 2212 763 2241; x_wconf 86' lang='lat' dir='ltr'>Caium</span> <span class='ocrx_word' id='word_1_450' title='bbox 782 2217 832 2241; x_wconf 77' lang='lat' dir='ltr'>aut</span> <span class='ocrx_word' id='word_1_451' title='bbox 850 2203 1075 2248; x_wconf 77' lang='lat' dir='ltr'>Lucium&#39;Aug.</span> <span class='ocrx_word' id='word_1_452' title='bbox 1097 2212 1190 2240; x_wconf 83' lang='lat' dir='ltr'>filium</span> <span class='ocrx_word' id='word_1_453' title='bbox 1208 2212 1304 2241; x_wconf 73' lang='lat' dir='ltr'>fuisse</span> <span class='ocrx_word' id='word_1_454' title='bbox 1326 2218 1469 2241; x_wconf 83' lang='lat' dir='ltr'>testantur</span> <span class='ocrx_word' id='word_1_455' title='bbox 1491 2212 1580 2243; x_wconf 86' lang='lat' dir='ltr'>inser.</span> <span class='ocrx_word' id='word_1_456' title='bbox 1596 2222 1643 2250; x_wconf 81' lang='lat' dir='ltr'>ap.</span> <span class='ocrx_word' id='word_1_457' title='bbox 1668 2214 1755 2243; x_wconf 90' lang='lat' dir='ltr'>Grut.</span> <span class='ocrx_word' id='word_1_458' title='bbox 1778 2223 1807 2250; x_wconf 88' lang='lat' dir='ltr'>p.</span> <span class='ocrx_word' id='word_1_459' title='bbox 1824 2211 1882 2241; x_wconf 79' lang='lat'>234</span> <span class='ocrx_word' id='word_1_460' title='bbox 1902 2217 1930 2239; x_wconf 88' lang='lat' dir='ltr'>et</span> <span class='ocrx_word' id='word_1_461' title='bbox 1949 2210 2009 2239; x_wconf 80' lang='lat'>235</span> 
     </span>
     <span class='ocr_line' id='line_1_40' title="bbox 352 2260 2008 2298; baseline -0.002 -8"><span class='ocrx_word' id='word_1_462' title='bbox 352 2268 440 2297; x_wconf 77' lang='lat' dir='ltr'>etque</span> <span class='ocrx_word' id='word_1_463' title='bbox 461 2262 650 2290; x_wconf 85' lang='lat' dir='ltr'>Germanicus</span> <span class='ocrx_word' id='word_1_464' title='bbox 672 2262 752 2290; x_wconf 80' lang='lat' dir='ltr'>filius</span> <span class='ocrx_word' id='word_1_465' title='bbox 773 2262 873 2290; x_wconf 75' lang='lat' dir='ltr'>fratris</span> <span class='ocrx_word' id='word_1_466' title='bbox 893 2263 1013 2290; x_wconf 89' lang='lat' dir='ltr'>Tiberii</span> <span class='ocrx_word' id='word_1_467' title='bbox 1035 2268 1064 2290; x_wconf 87' lang='lat' dir='ltr'>et</span> <span class='ocrx_word' id='word_1_468' title='bbox 1082 2264 1199 2290; x_wconf 86' lang='lat' dir='ltr'>Drusus</span> <span class='ocrx_word' id='word_1_469' title='bbox 1221 2263 1263 2291; x_wconf 90' lang='lat' dir='ltr'>fil.</span> <span class='ocrx_word' id='word_1_470' title='bbox 1279 2264 1349 2292; x_wconf 88' lang='lat' dir='ltr'>Tib.</span> <span class='ocrx_word' id='word_1_471' title='bbox 1372 2264 1535 2292; x_wconf 77' lang='lat' dir='ltr'>Praeneste</span> <span class='ocrx_word' id='word_1_472' title='bbox 1555 2273 1674 2292; x_wconf 85' lang='lat' dir='ltr'>munere</span> <span class='ocrx_word' id='word_1_473' title='bbox 1689 2261 1901 2298; x_wconf 69' lang='lat' dir='ltr'>quinquennali</span> <span class='ocrx_word' id='word_1_474' title='bbox 1916 2260 2008 2288; x_wconf 72' lang='lat' dir='ltr'>suncti</span> 
     </span>
     <span class='ocr_line' id='line_1_41' title="bbox 352 2311 1246 2347; baseline 0.001 -7"><span class='ocrx_word' id='word_1_475' title='bbox 352 2316 420 2340; x_wconf 86' lang='lat' dir='ltr'>sunt</span> <span class='ocrx_word' id='word_1_476' title='bbox 440 2311 575 2347; x_wconf 80' lang='lat' dir='ltr'>Augusto</span> <span class='ocrx_word' id='word_1_477' title='bbox 597 2311 754 2340; x_wconf 81' lang='lat' dir='ltr'>etiamtunc</span> <span class='ocrx_word' id='word_1_478' title='bbox 774 2312 904 2341; x_wconf 81' lang='lat' dir='ltr'>vivente.</span> <span class='ocrx_word' id='word_1_479' title='bbox 926 2312 1022 2340; x_wconf 89' lang='lat' dir='ltr'>Orelli</span> <span class='ocrx_word' id='word_1_480' title='bbox 1044 2311 1133 2341; x_wconf 85' lang='lat' dir='ltr'>inser.</span> <span class='ocrx_word' id='word_1_481' title='bbox 1158 2312 1246 2342; x_wconf 72' lang='lat'>3874.</span> 
     </span>
    </p>
   </div>
   <div class='ocr_carea' id='block_1_7' title="bbox 1513 2366 1534 2397">
    <p class='ocr_par' dir='ltr' id='par_1_12' title="bbox 1513 2366 1534 2397">
     <span class='ocr_line' id='line_1_42' title="bbox 1513 2366 1534 2397; baseline 0 0"><span class='ocrx_word' id='word_1_482' title='bbox 1513 2366 1534 2397; x_wconf 89' lang='grc'><strong>5</strong></span> 
     </span>
    </p>
   </div>
  </div>
 </body>
</html>
