<?xml version="1.0" encoding="UTF-8"?>
<!DOCTYPE html PUBLIC "-//W3C//DTD XHTML 1.0 Transitional//EN"
    "http://www.w3.org/TR/xhtml1/DTD/xhtml1-transitional.dtd">
<html xmlns="http://www.w3.org/1999/xhtml" xml:lang="en" lang="en">
 <head>
  <title>
</title>
<meta http-equiv="Content-Type" content="text/html;charset=utf-8" />
  <meta name='ocr-system' content='tesseract 3.04.00' />
  <meta name='ocr-capabilities' content='ocr_page ocr_carea ocr_par ocr_line ocrx_word'/>
</head>
<body>
  <div class='ocr_page' id='page_1' title='image "./4626150_0029.png"; bbox 0 0 2208 2709; ppageno 0'>
   <div class='ocr_carea' id='block_1_1' title="bbox 1090 9 1140 49">
    <p class='ocr_par' dir='ltr' id='par_1_1' title="bbox 1090 9 1140 49">
     <span class='ocr_line' id='line_1_1' title="bbox 1090 9 1140 49; baseline 0 0"><span class='ocrx_word' id='word_1_1' title='bbox 1090 9 1140 49; x_wconf 54' lang='grc' dir='ltr'><em>Β</em></span> 
     </span>
    </p>
   </div>
   <div class='ocr_carea' id='block_1_2' title="bbox 1007 63 1220 73">
    <p class='ocr_par' dir='ltr' id='par_1_2' title="bbox 1007 63 1220 73">
     <span class='ocr_line' id='line_1_2' title="bbox 1007 63 1220 73; baseline 0 0"><span class='ocrx_word' id='word_1_2' title='bbox 1007 63 1220 73; x_wconf 95' lang='lat' dir='ltr'><strong> </strong></span> 
     </span>
    </p>
   </div>
   <div class='ocr_carea' id='block_1_3' title="bbox 241 132 1981 1721">
    <p class='ocr_par' dir='ltr' id='par_1_3' title="bbox 244 132 1981 691">
     <span class='ocr_line' id='line_1_3' title="bbox 250 132 1978 175; baseline 0.001 -11"><span class='ocrx_word' id='word_1_3' title='bbox 250 133 424 175; x_wconf 79' lang='lat' dir='ltr'><strong>imperium</strong></span> <span class='ocrx_word' id='word_1_4' title='bbox 456 132 854 174; x_wconf 23' lang='lat' dir='ltr'><strong>bellumrre-ovarunss).</strong></span> <span class='ocrx_word' id='word_1_5' title='bbox 900 133 1109 166; x_wconf 79' lang='lat' dir='ltr'><strong>Praenestini</strong></span> <span class='ocrx_word' id='word_1_6' title='bbox 1140 133 1205 165; x_wconf 86' lang='lat' dir='ltr'><strong>iam</strong></span> <span class='ocrx_word' id='word_1_7' title='bbox 1230 137 1308 165; x_wconf 88' lang='lat' dir='ltr'><strong>tunc</strong></span> <span class='ocrx_word' id='word_1_8' title='bbox 1337 132 1424 165; x_wconf 86' lang='lat' dir='ltr'><strong>idem</strong></span> <span class='ocrx_word' id='word_1_9' title='bbox 1446 133 1563 165; x_wconf 78' lang='lat' dir='ltr'><strong>iecisse</strong></span> <span class='ocrx_word' id='word_1_10' title='bbox 1585 134 1756 166; x_wconf 80' lang='lat' dir='ltr'><strong>videntur.</strong></span> <span class='ocrx_word' id='word_1_11' title='bbox 1803 132 1939 166; x_wconf 82' lang='lat' dir='ltr'><strong>Romani</strong></span> <span class='ocrx_word' id='word_1_12' title='bbox 1963 146 1978 166; x_wconf 86' lang='lat' dir='ltr'><strong>e</strong></span> 
     </span>
     <span class='ocr_line' id='line_1_4' title="bbox 248 189 1979 232; baseline 0 -10"><span class='ocrx_word' id='word_1_13' title='bbox 248 191 356 232; x_wconf 82' lang='lat' dir='ltr'><strong>primo</strong></span> <span class='ocrx_word' id='word_1_14' title='bbox 379 190 506 230; x_wconf 88' lang='lat' dir='ltr'><strong>proelio</strong></span> <span class='ocrx_word' id='word_1_15' title='bbox 527 189 717 229; x_wconf 51' lang='lat' dir='ltr'><strong>&gt;superiores</strong></span> <span class='ocrx_word' id='word_1_16' title='bbox 742 190 985 231; x_wconf 79' lang='lat' dir='ltr'><strong>discesserunt,</strong></span> <span class='ocrx_word' id='word_1_17' title='bbox 1012 192 1065 223; x_wconf 82' lang='lat' dir='ltr'><strong>sed</strong></span> <span class='ocrx_word' id='word_1_18' title='bbox 1088 192 1274 232; x_wconf 75' lang='lat' dir='ltr'><strong>insequenti</strong></span> <span class='ocrx_word' id='word_1_19' title='bbox 1296 202 1381 222; x_wconf 82' lang='lat' dir='ltr'><strong>anno</strong></span> <span class='ocrx_word' id='word_1_20' title='bbox 1404 190 1528 222; x_wconf 90' lang='lat' dir='ltr'><strong>bellum</strong></span> <span class='ocrx_word' id='word_1_21' title='bbox 1558 190 1775 221; x_wconf 71' lang='lat' dir='ltr'><strong>instauratum</strong></span> <span class='ocrx_word' id='word_1_22' title='bbox 1801 195 1870 229; x_wconf 88' lang='lat' dir='ltr'><strong>est,</strong></span> <span class='ocrx_word' id='word_1_23' title='bbox 1895 192 1979 231; x_wconf 88' lang='lat' dir='ltr'><strong>quod</strong></span> 
     </span>
     <span class='ocr_line' id='line_1_5' title="bbox 244 246 1981 289; baseline 0.001 -12"><span class='ocrx_word' id='word_1_24' title='bbox 244 254 347 288; x_wconf 73' lang='lat' dir='ltr'><strong>quum</strong></span> <span class='ocrx_word' id='word_1_25' title='bbox 369 246 556 279; x_wconf 75' lang='lat' dir='ltr'><strong>inulta-alia</strong></span> <span class='ocrx_word' id='word_1_26' title='bbox 580 247 695 287; x_wconf 81' lang='lat' dir='ltr'><strong>oppida</strong></span> <span class='ocrx_word' id='word_1_27' title='bbox 716 248 940 289; x_wconf 74' lang='lat' dir='ltr'><strong>susciperent,</strong></span> <span class='ocrx_word' id='word_1_28' title='bbox 969 253 1038 280; x_wconf 83' lang='lat' dir='ltr'><strong>tum</strong></span> <span class='ocrx_word' id='word_1_29' title='bbox 1071 248 1281 279; x_wconf 75' lang='lat' dir='ltr'><strong>Praenestini</strong></span> <span class='ocrx_word' id='word_1_30' title='bbox 1312 258 1438 289; x_wconf 90' lang='lat' dir='ltr'><strong>quoque</strong></span> <span class='ocrx_word' id='word_1_31' title='bbox 1467 248 1649 279; x_wconf 81' lang='lat' dir='ltr'><strong>exercitum</strong></span> <span class='ocrx_word' id='word_1_32' title='bbox 1680 251 1793 278; x_wconf 82' lang='lat' dir='ltr'><strong>contra</strong></span> <span class='ocrx_word' id='word_1_33' title='bbox 1818 246 1981 278; x_wconf 84' lang='lat' dir='ltr'><strong>Romanos</strong></span> 
     </span>
     <span class='ocr_line' id='line_1_6' title="bbox 248 304 1980 346; baseline 0.001 -12"><span class='ocrx_word' id='word_1_34' title='bbox 248 305 430 336; x_wconf 72' lang='lat' dir='ltr'><strong>eduxerunt</strong></span> <span class='ocrx_word' id='word_1_35' title='bbox 458 309 582 344; x_wconf 77' lang='lat' dir='ltr'><strong>tempus</strong></span> <span class='ocrx_word' id='word_1_36' title='bbox 615 305 776 345; x_wconf 79' lang='lat' dir='ltr'><strong>pristinae</strong></span> <span class='ocrx_word' id='word_1_37' title='bbox 802 306 974 346; x_wconf 78' lang='lat' dir='ltr'><strong>potestatis</strong></span> <span class='ocrx_word' id='word_1_38' title='bbox 1002 306 1239 346; x_wconf 81' lang='lat' dir='ltr'><strong>recuperandae</strong></span> <span class='ocrx_word' id='word_1_39' title='bbox 1261 306 1433 336; x_wconf 84' lang='lat' dir='ltr'><strong>advenisse</strong></span> <span class='ocrx_word' id='word_1_40' title='bbox 1457 307 1520 336; x_wconf 86' lang='lat' dir='ltr'><strong>rati</strong></span> <span class='ocrx_word' id='word_1_41' title='bbox 1536 306 1573 346; x_wconf 81' lang='lat'><strong>²).</strong></span> <span class='ocrx_word' id='word_1_42' title='bbox 1620 305 1662 336; x_wconf 88' lang='lat' dir='ltr'><strong>Et</strong></span> <span class='ocrx_word' id='word_1_43' title='bbox 1695 304 1817 334; x_wconf 81' lang='lat' dir='ltr'><strong>Livius</strong></span> <span class='ocrx_word' id='word_1_44' title='bbox 1851 305 1980 344; x_wconf 87' lang='lat' dir='ltr'><strong>quidem</strong></span> 
     </span>
     <span class='ocr_line' id='line_1_7' title="bbox 248 360 1980 404; baseline 0 -11"><span class='ocrx_word' id='word_1_45' title='bbox 248 360 363 394; x_wconf 84' lang='lat' dir='ltr'><strong>Gallos</strong></span> <span class='ocrx_word' id='word_1_46' title='bbox 386 370 520 401; x_wconf 85' lang='lat' dir='ltr'><strong>prorsus</strong></span> <span class='ocrx_word' id='word_1_47' title='bbox 538 362 648 394; x_wconf 84' lang='lat' dir='ltr'><strong>victos</strong></span> <span class='ocrx_word' id='word_1_48' title='bbox 670 372 739 394; x_wconf 86' lang='lat' dir='ltr'><strong>esse</strong></span> <span class='ocrx_word' id='word_1_49' title='bbox 764 366 876 394; x_wconf 83' lang='lat' dir='ltr'><strong>narrat</strong></span> <span class='ocrx_word' id='word_1_50' title='bbox 895 361 992 402; x_wconf 89' lang='lat' dir='ltr'><strong>(VII,</strong></span> <span class='ocrx_word' id='word_1_51' title='bbox 1016 364 1067 403; x_wconf 87' lang='lat'><strong>15,</strong></span> <span class='ocrx_word' id='word_1_52' title='bbox 1087 363 1122 404; x_wconf 87' lang='lat'><strong>7)</strong></span> <span class='ocrx_word' id='word_1_53' title='bbox 1144 367 1176 394; x_wconf 89' lang='lat' dir='ltr'><strong>et</strong></span> <span class='ocrx_word' id='word_1_54' title='bbox 1200 362 1363 394; x_wconf 84' lang='lat' dir='ltr'><strong>Hernicos</strong></span> <span class='ocrx_word' id='word_1_55' title='bbox 1385 362 1535 393; x_wconf 83' lang='lat' dir='ltr'><strong>subactos</strong></span> <span class='ocrx_word' id='word_1_56' title='bbox 1559 362 1628 403; x_wconf 83' lang='lat'><strong>(15,</strong></span> <span class='ocrx_word' id='word_1_57' title='bbox 1648 365 1683 403; x_wconf 84' lang='lat'><strong>9&gt;</strong></span> <span class='ocrx_word' id='word_1_58' title='bbox 1707 367 1739 393; x_wconf 88' lang='lat' dir='ltr'><strong>et</strong></span> <span class='ocrx_word' id='word_1_59' title='bbox 1758 371 1830 393; x_wconf 88' lang='lat' dir='ltr'><strong>cum</strong></span> <span class='ocrx_word' id='word_1_60' title='bbox 1857 361 1980 393; x_wconf 81' lang='lat' dir='ltr'><strong>Tibur-</strong></span> 
     </span>
     <span class='ocr_line' id='line_1_8' title="bbox 247 419 1978 461; baseline 0.001 -11"><span class='ocrx_word' id='word_1_61' title='bbox 247 419 337 450; x_wconf 83' lang='lat' dir='ltr'><strong>tibus</strong></span> <span class='ocrx_word' id='word_1_62' title='bbox 360 419 396 449; x_wconf 85' lang='lat' dir='ltr'><strong>ad</strong></span> <span class='ocrx_word' id='word_1_63' title='bbox 419 419 618 451; x_wconf 84' lang='lat' dir='ltr'><strong>deditionem</strong></span> <span class='ocrx_word' id='word_1_64' title='bbox 641 425 818 460; x_wconf 79' lang='lat' dir='ltr'><strong>pugnatum</strong></span> <span class='ocrx_word' id='word_1_65' title='bbox 853 430 921 451; x_wconf 87' lang='lat' dir='ltr'><strong>esse</strong></span> <span class='ocrx_word' id='word_1_66' title='bbox 953 421 1122 451; x_wconf 73' lang='lat' dir='ltr'><strong>contendit</strong></span> <span class='ocrx_word' id='word_1_67' title='bbox 1155 420 1252 460; x_wconf 85' lang='lat' dir='ltr'><strong>(VII,</strong></span> <span class='ocrx_word' id='word_1_68' title='bbox 1273 423 1306 460; x_wconf 86' lang='lat'><strong>9,</strong></span> <span class='ocrx_word' id='word_1_69' title='bbox 1331 421 1375 461; x_wconf 82' lang='lat'><strong>1).</strong></span> <span class='ocrx_word' id='word_1_70' title='bbox 1420 420 1484 451; x_wconf 88' lang='lat' dir='ltr'><strong>Sed</strong></span> <span class='ocrx_word' id='word_1_71' title='bbox 1513 420 1574 451; x_wconf 86' lang='lat' dir='ltr'><strong>hoe</strong></span> <span class='ocrx_word' id='word_1_72' title='bbox 1606 431 1644 451; x_wconf 83' lang='lat' dir='ltr'><strong>ex</strong></span> <span class='ocrx_word' id='word_1_73' title='bbox 1673 426 1766 461; x_wconf 83' lang='lat' dir='ltr'><strong>parte</strong></span> <span class='ocrx_word' id='word_1_74' title='bbox 1789 425 1878 451; x_wconf 86' lang='lat' dir='ltr'><strong>certe</strong></span> <span class='ocrx_word' id='word_1_75' title='bbox 1899 421 1978 457; x_wconf 84' lang='lat' dir='ltr'><strong>reji-</strong></span> 
     </span>
     <span class='ocr_line' id='line_1_9' title="bbox 248 468 1978 518; baseline 0.001 -10"><span class='ocrx_word' id='word_1_76' title='bbox 248 477 397 509; x_wconf 85' lang='lat' dir='ltr'><strong>ciendum</strong></span> <span class='ocrx_word' id='word_1_77' title='bbox 419 483 480 517; x_wconf 85' lang='lat' dir='ltr'><strong>est,</strong></span> <span class='ocrx_word' id='word_1_78' title='bbox 507 487 580 509; x_wconf 84' lang='lat' dir='ltr'><strong>nam</strong></span> <span class='ocrx_word' id='word_1_79' title='bbox 602 482 635 508; x_wconf 90' lang='lat' dir='ltr'><strong>et</strong></span> <span class='ocrx_word' id='word_1_80' title='bbox 657 477 796 509; x_wconf 82' lang='lat' dir='ltr'><strong>Hernici</strong></span> <span class='ocrx_word' id='word_1_81' title='bbox 818 488 919 518; x_wconf 86' lang='lat' dir='ltr'><strong>usque</strong></span> <span class='ocrx_word' id='word_1_82' title='bbox 940 478 979 509; x_wconf 83' lang='lat' dir='ltr'><strong>ad</strong></span> <span class='ocrx_word' id='word_1_83' title='bbox 1004 488 1124 509; x_wconf 79' lang='lat' dir='ltr'><strong>annum</strong></span> <span class='ocrx_word' id='word_1_84' title='bbox 1144 468 1209 511; x_wconf 58' lang='lat'><strong>443</strong></span> <span class='ocrx_word' id='word_1_85' title='bbox 1228 477 1350 509; x_wconf 85' lang='lat' dir='ltr'><strong>bellum</strong></span> <span class='ocrx_word' id='word_1_86' title='bbox 1374 483 1487 508; x_wconf 86' lang='lat' dir='ltr'><strong>contra</strong></span> <span class='ocrx_word' id='word_1_87' title='bbox 1505 477 1666 509; x_wconf 81' lang='lat' dir='ltr'><strong>Romanos</strong></span> <span class='ocrx_word' id='word_1_88' title='bbox 1689 478 1816 518; x_wconf 83' lang='lat' dir='ltr'><strong>saepius</strong></span> <span class='ocrx_word' id='word_1_89' title='bbox 1836 489 1978 510; x_wconf 86' lang='lat' dir='ltr'><strong>renova-</strong></span> 
     </span>
     <span class='ocr_line' id='line_1_10' title="bbox 247 534 1977 569; baseline 0.002 -3"><span class='ocrx_word' id='word_1_90' title='bbox 247 540 324 566; x_wconf 85' lang='lat' dir='ltr'><strong>runt</strong></span> <span class='ocrx_word' id='word_1_91' title='bbox 351 540 382 566; x_wconf 79' lang='lat' dir='ltr'><strong>et</strong></span> <span class='ocrx_word' id='word_1_92' title='bbox 408 535 563 566; x_wconf 84' lang='lat' dir='ltr'><strong>Tiburtes</strong></span> <span class='ocrx_word' id='word_1_93' title='bbox 588 534 622 565; x_wconf 87' lang='lat' dir='ltr'><strong>in</strong></span> <span class='ocrx_word' id='word_1_94' title='bbox 644 535 807 567; x_wconf 84' lang='lat' dir='ltr'><strong>communi</strong></span> <span class='ocrx_word' id='word_1_95' title='bbox 829 534 1021 566; x_wconf 80' lang='lat' dir='ltr'><strong>Latinorum</strong></span> <span class='ocrx_word' id='word_1_96' title='bbox 1044 534 1225 566; x_wconf 82' lang='lat' dir='ltr'><strong>rebellione</strong></span> <span class='ocrx_word' id='word_1_97' title='bbox 1248 545 1321 566; x_wconf 88' lang='lat' dir='ltr'><strong>ann.</strong></span> <span class='ocrx_word' id='word_1_98' title='bbox 1344 536 1407 567; x_wconf 77' lang='lat'><strong>416</strong></span> <span class='ocrx_word' id='word_1_99' title='bbox 1431 534 1534 565; x_wconf 80' lang='lat' dir='ltr'><strong>libera</strong></span> <span class='ocrx_word' id='word_1_100' title='bbox 1557 536 1694 566; x_wconf 81' lang='lat' dir='ltr'><strong>civitate</strong></span> <span class='ocrx_word' id='word_1_101' title='bbox 1719 537 1902 568; x_wconf 85' lang='lat' dir='ltr'><strong>certissime</strong></span> <span class='ocrx_word' id='word_1_102' title='bbox 1924 538 1977 569; x_wconf 86' lang='lat' dir='ltr'><strong>usi</strong></span> 
     </span>
     <span class='ocr_line' id='line_1_11' title="bbox 246 591 1973 636; baseline 0.001 -12"><span class='ocrx_word' id='word_1_103' title='bbox 246 597 322 624; x_wconf 83' lang='lat' dir='ltr'><strong>sunt</strong></span> <span class='ocrx_word' id='word_1_104' title='bbox 333 593 371 632; x_wconf 76' lang='lat'><strong>³).</strong></span> <span class='ocrx_word' id='word_1_105' title='bbox 416 591 526 633; x_wconf 84' lang='lat' dir='ltr'><strong>Atque</strong></span> <span class='ocrx_word' id='word_1_106' title='bbox 555 592 844 623; x_wconf 78' lang='lat' dir='ltr'><strong>Praenestinorum</strong></span> <span class='ocrx_word' id='word_1_107' title='bbox 867 593 901 623; x_wconf 86' lang='lat' dir='ltr'><strong>in</strong></span> <span class='ocrx_word' id='word_1_108' title='bbox 926 592 985 624; x_wconf 90' lang='lat' dir='ltr'><strong>illa</strong></span> <span class='ocrx_word' id='word_1_109' title='bbox 1008 604 1112 634; x_wconf 83' lang='lat' dir='ltr'><strong>pugna</strong></span> <span class='ocrx_word' id='word_1_110' title='bbox 1135 592 1255 624; x_wconf 89' lang='lat' dir='ltr'><strong>melior</strong></span> <span class='ocrx_word' id='word_1_111' title='bbox 1277 597 1347 623; x_wconf 90' lang='lat' dir='ltr'><strong>erat</strong></span> <span class='ocrx_word' id='word_1_112' title='bbox 1372 592 1526 631; x_wconf 79' lang='lat' dir='ltr'><strong>fortuna3</strong></span> <span class='ocrx_word' id='word_1_113' title='bbox 1560 603 1634 623; x_wconf 87' lang='lat' dir='ltr'><strong>nam</strong></span> <span class='ocrx_word' id='word_1_114' title='bbox 1657 593 1780 625; x_wconf 85' lang='lat' dir='ltr'><strong>bellum</strong></span> <span class='ocrx_word' id='word_1_115' title='bbox 1806 605 1908 636; x_wconf 87' lang='lat' dir='ltr'><strong>aequo</strong></span> <span class='ocrx_word' id='word_1_116' title='bbox 1937 600 1973 626; x_wconf 86' lang='lat' dir='ltr'><strong>ut</strong></span> 
     </span>
     <span class='ocr_line' id='line_1_12' title="bbox 245 649 1525 691; baseline 0.002 -11"><span class='ocrx_word' id='word_1_117' title='bbox 245 650 382 681; x_wconf 89' lang='lat' dir='ltr'><strong>videtur</strong></span> <span class='ocrx_word' id='word_1_118' title='bbox 403 649 510 680; x_wconf 85' lang='lat' dir='ltr'><strong>Marte</strong></span> <span class='ocrx_word' id='word_1_119' title='bbox 534 659 606 680; x_wconf 83' lang='lat' dir='ltr'><strong>cuin</strong></span> <span class='ocrx_word' id='word_1_120' title='bbox 629 649 783 680; x_wconf 85' lang='lat' dir='ltr'><strong>Romanis</strong></span> <span class='ocrx_word' id='word_1_121' title='bbox 806 655 943 690; x_wconf 85' lang='lat' dir='ltr'><strong>gestum,</strong></span> <span class='ocrx_word' id='word_1_122' title='bbox 967 650 1167 691; x_wconf 81' lang='lat' dir='ltr'><strong>aliquamdiu</strong></span> <span class='ocrx_word' id='word_1_123' title='bbox 1190 650 1403 690; x_wconf 85' lang='lat' dir='ltr'><strong>compositum</strong></span> <span class='ocrx_word' id='word_1_124' title='bbox 1425 654 1473 681; x_wconf 84' lang='lat' dir='ltr'><strong>est</strong></span> <span class='ocrx_word' id='word_1_125' title='bbox 1487 651 1525 690; x_wconf 79' lang='lat'><strong>4).</strong></span> 
     </span>
    </p>

    <p class='ocr_par' dir='ltr' id='par_1_4' title="bbox 241 702 1975 1545">
     <span class='ocr_line' id='line_1_13' title="bbox 376 702 1975 749; baseline 0.003 -13"><span class='ocrx_word' id='word_1_126' title='bbox 376 706 444 737; x_wconf 85' lang='lat' dir='ltr'><strong>Iam</strong></span> <span class='ocrx_word' id='word_1_127' title='bbox 467 716 550 737; x_wconf 87' lang='lat' dir='ltr'><strong>anno</strong></span> <span class='ocrx_word' id='word_1_128' title='bbox 571 707 634 738; x_wconf 83' lang='grc'><strong>416</strong></span> <span class='ocrx_word' id='word_1_129' title='bbox 668 711 792 746; x_wconf 84' lang='lat' dir='ltr'><strong>tempus</strong></span> <span class='ocrx_word' id='word_1_130' title='bbox 819 707 946 746; x_wconf 84' lang='lat' dir='ltr'><strong>aderat,</strong></span> <span class='ocrx_word' id='word_1_131' title='bbox 985 717 1049 746; x_wconf 91' lang='lat' dir='ltr'><strong>quo</strong></span> <span class='ocrx_word' id='word_1_132' title='bbox 1080 707 1324 749; x_wconf 30' lang='lat' dir='ltr'><strong>decernendum*</strong></span> <span class='ocrx_word' id='word_1_133' title='bbox 1347 707 1436 744; x_wconf 83' lang='lat' dir='ltr'><strong>fuit,</strong></span> <span class='ocrx_word' id='word_1_134' title='bbox 1467 702 1578 737; x_wconf 65' lang='lat' dir='ltr'><strong>utru‘m</strong></span> <span class='ocrx_word' id='word_1_135' title='bbox 1599 706 1736 738; x_wconf 80' lang='lat' dir='ltr'><strong>Romani</strong></span> <span class='ocrx_word' id='word_1_136' title='bbox 1761 709 1862 740; x_wconf 77' lang='lat' dir='ltr'><strong>totius</strong></span> <span class='ocrx_word' id='word_1_137' title='bbox 1884 708 1975 740; x_wconf 88' lang='lat' dir='ltr'><strong>Latii</strong></span> 
     </span>
     <span class='ocr_line' id='line_1_14' title="bbox 244 763 1975 804; baseline 0.002 -10"><span class='ocrx_word' id='word_1_138' title='bbox 244 763 420 803; x_wconf 86' lang='lat' dir='ltr'><strong>imperium</strong></span> <span class='ocrx_word' id='word_1_139' title='bbox 442 764 721 804; x_wconf 77' lang='lat' dir='ltr'><strong>adipiscerentur,</strong></span> <span class='ocrx_word' id='word_1_140' title='bbox 757 773 817 794; x_wconf 84' lang='lat' dir='ltr'><strong>nec</strong></span> <span class='ocrx_word' id='word_1_141' title='bbox 844 774 892 796; x_wconf 85' lang='lat' dir='ltr'><strong>ne.</strong></span> <span class='ocrx_word' id='word_1_142' title='bbox 938 764 970 796; x_wconf 91' lang='lat' dir='ltr'>A</span> <span class='ocrx_word' id='word_1_143' title='bbox 1003 764 1136 795; x_wconf 86' lang='lat' dir='ltr'><strong>viribus</strong></span> <span class='ocrx_word' id='word_1_144' title='bbox 1160 763 1378 795; x_wconf 84' lang='lat' dir='ltr'><strong>Romanorum</strong></span> <span class='ocrx_word' id='word_1_145' title='bbox 1402 763 1464 794; x_wconf 80' lang='lat' dir='ltr'><strong>iam</strong></span> <span class='ocrx_word' id='word_1_146' title='bbox 1486 763 1584 795; x_wconf 88' lang='lat' dir='ltr'><strong>valde</strong></span> <span class='ocrx_word' id='word_1_147' title='bbox 1606 765 1711 795; x_wconf 84' lang='lat' dir='ltr'><strong>auctis</strong></span> <span class='ocrx_word' id='word_1_148' title='bbox 1732 775 1841 797; x_wconf 88' lang='lat' dir='ltr'><strong>omnes</strong></span> <span class='ocrx_word' id='word_1_149' title='bbox 1862 766 1975 798; x_wconf 81' lang='lat' dir='ltr'><strong>Latini</strong></span> 
     </span>
     <span class='ocr_line' id='line_1_15' title="bbox 245 820 1973 861; baseline 0.001 -11"><span class='ocrx_word' id='word_1_150' title='bbox 245 821 313 850; x_wconf 79' lang='lat' dir='ltr'><strong>sibi</strong></span> <span class='ocrx_word' id='word_1_151' title='bbox 335 821 504 859; x_wconf 81' lang='lat' dir='ltr'><strong>timebant,</strong></span> <span class='ocrx_word' id='word_1_152' title='bbox 528 831 630 861; x_wconf 87' lang='lat' dir='ltr'><strong>neque</strong></span> <span class='ocrx_word' id='word_1_153' title='bbox 654 820 760 852; x_wconf 87' lang='lat' dir='ltr'><strong>solum</strong></span> <span class='ocrx_word' id='word_1_154' title='bbox 782 821 839 860; x_wconf 88' lang='lat' dir='ltr'><strong>qui</strong></span> <span class='ocrx_word' id='word_1_155' title='bbox 862 831 962 861; x_wconf 87' lang='lat' dir='ltr'><strong>usque</strong></span> <span class='ocrx_word' id='word_1_156' title='bbox 984 822 1023 852; x_wconf 83' lang='lat' dir='ltr'><strong>ad</strong></span> <span class='ocrx_word' id='word_1_157' title='bbox 1042 821 1127 851; x_wconf 87' lang='lat' dir='ltr'><strong>illud</strong></span> <span class='ocrx_word' id='word_1_158' title='bbox 1150 825 1275 860; x_wconf 82' lang='lat' dir='ltr'><strong>teinpus</strong></span> <span class='ocrx_word' id='word_1_159' title='bbox 1304 820 1387 851; x_wconf 88' lang='lat' dir='ltr'><strong>haud</strong></span> <span class='ocrx_word' id='word_1_160' title='bbox 1412 831 1469 850; x_wconf 86' lang='lat' dir='ltr'><strong>sua</strong></span> <span class='ocrx_word' id='word_1_161' title='bbox 1497 825 1611 860; x_wconf 83' lang='lat' dir='ltr'><strong>sponte</strong></span> <span class='ocrx_word' id='word_1_162' title='bbox 1637 821 1856 852; x_wconf 85' lang='lat' dir='ltr'><strong>Romanorum</strong></span> <span class='ocrx_word' id='word_1_163' title='bbox 1889 824 1973 853; x_wconf 79' lang='lat' dir='ltr'><strong>socii</strong></span> 
     </span>
     <span class='ocr_line' id='line_1_16' title="bbox 243 877 1973 920; baseline 0.002 -12"><span class='ocrx_word' id='word_1_164' title='bbox 243 877 386 917; x_wconf 69' lang='lat' dir='ltr'><strong>fuerant,</strong></span> <span class='ocrx_word' id='word_1_165' title='bbox 413 878 468 909; x_wconf 86' lang='lat' dir='ltr'><strong>scd</strong></span> <span class='ocrx_word' id='word_1_166' title='bbox 487 878 583 910; x_wconf 72' lang='lat' dir='ltr'><strong>etiam</strong></span> <span class='ocrx_word' id='word_1_167' title='bbox 609 877 734 910; x_wconf 83' lang='lat' dir='ltr'><strong>liberae</strong></span> <span class='ocrx_word' id='word_1_168' title='bbox 756 878 921 918; x_wconf 83' lang='lat' dir='ltr'><strong>civitates,</strong></span> <span class='ocrx_word' id='word_1_169' title='bbox 947 887 1026 919; x_wconf 84' lang='lat' dir='ltr'><strong>quae</strong></span> <span class='ocrx_word' id='word_1_170' title='bbox 1039 887 1169 919; x_wconf 80' lang='lat' dir='ltr'><strong>magnae</strong></span> <span class='ocrx_word' id='word_1_171' title='bbox 1192 877 1351 919; x_wconf 88' lang='lat' dir='ltr'><strong>pristinae</strong></span> <span class='ocrx_word' id='word_1_172' title='bbox 1367 877 1538 918; x_wconf 78' lang='lat' dir='ltr'><strong>potestatis</strong></span> <span class='ocrx_word' id='word_1_173' title='bbox 1558 888 1575 908; x_wconf 88' lang='lat' dir='ltr'><strong>a</strong></span> <span class='ocrx_word' id='word_1_174' title='bbox 1594 877 1748 910; x_wconf 82' lang='lat' dir='ltr'><strong>Romanis</strong></span> <span class='ocrx_word' id='word_1_175' title='bbox 1769 883 1897 920; x_wconf 83' lang='lat' dir='ltr'><strong>ereptae</strong></span> <span class='ocrx_word' id='word_1_176' title='bbox 1916 879 1973 912; x_wconf 87' lang='lat' dir='ltr'><strong>ob-</strong></span> 
     </span>
     <span class='ocr_line' id='line_1_17' title="bbox 246 934 1970 976; baseline 0.001 -10"><span class='ocrx_word' id='word_1_177' title='bbox 246 934 365 976; x_wconf 75' lang='lat' dir='ltr'><strong>livisci</strong></span> <span class='ocrx_word' id='word_1_178' title='bbox 386 946 450 966; x_wconf 89' lang='lat' dir='ltr'><strong>non</strong></span> <span class='ocrx_word' id='word_1_179' title='bbox 475 941 671 976; x_wconf 81' lang='lat' dir='ltr'><strong>potuerunt3</strong></span> <span class='ocrx_word' id='word_1_180' title='bbox 703 946 869 966; x_wconf 86' lang='lat' dir='ltr'><strong>commune</strong></span> <span class='ocrx_word' id='word_1_181' title='bbox 903 936 1048 966; x_wconf 87' lang='lat' dir='ltr'><strong>omnium</strong></span> <span class='ocrx_word' id='word_1_182' title='bbox 1069 935 1252 976; x_wconf 85' lang='lat' dir='ltr'><strong>periculum</strong></span> <span class='ocrx_word' id='word_1_183' title='bbox 1273 945 1383 966; x_wconf 84' lang='lat' dir='ltr'><strong>omnes</strong></span> <span class='ocrx_word' id='word_1_184' title='bbox 1411 940 1524 965; x_wconf 81' lang='lat' dir='ltr'><strong>contra</strong></span> <span class='ocrx_word' id='word_1_185' title='bbox 1548 935 1658 966; x_wconf 82' lang='lat' dir='ltr'><strong>hostes</strong></span> <span class='ocrx_word' id='word_1_186' title='bbox 1680 947 1866 967; x_wconf 84' lang='lat' dir='ltr'><strong>communes</strong></span> <span class='ocrx_word' id='word_1_187' title='bbox 1893 948 1970 967; x_wconf 87' lang='lat' dir='ltr'><strong>con-</strong></span> 
     </span>
     <span class='ocr_line' id='line_1_18' title="bbox 245 992 1972 1035; baseline 0.001 -12"><span class='ocrx_word' id='word_1_188' title='bbox 245 993 364 1029; x_wconf 81' lang='lat' dir='ltr'><strong>junxit.</strong></span> <span class='ocrx_word' id='word_1_189' title='bbox 411 993 452 1024; x_wconf 90' lang='lat' dir='ltr'><strong>Et</strong></span> <span class='ocrx_word' id='word_1_190' title='bbox 474 993 587 1023; x_wconf 84' lang='lat' dir='ltr'><strong>Latini</strong></span> <span class='ocrx_word' id='word_1_191' title='bbox 610 993 740 1033; x_wconf 86' lang='lat' dir='ltr'><strong>quidem</strong></span> <span class='ocrx_word' id='word_1_192' title='bbox 768 998 842 1034; x_wconf 87' lang='lat' dir='ltr'><strong>post</strong></span> <span class='ocrx_word' id='word_1_193' title='bbox 863 993 1023 1035; x_wconf 85' lang='lat' dir='ltr'><strong>proelium</strong></span> <span class='ocrx_word' id='word_1_194' title='bbox 1049 993 1130 1024; x_wconf 84' lang='lat' dir='ltr'><strong>male</strong></span> <span class='ocrx_word' id='word_1_195' title='bbox 1154 997 1329 1033; x_wconf 80' lang='lat' dir='ltr'><strong>pugnatum</strong></span> <span class='ocrx_word' id='word_1_196' title='bbox 1352 1004 1369 1023; x_wconf 86' lang='lat' dir='ltr'><strong>a</strong></span> <span class='ocrx_word' id='word_1_197' title='bbox 1390 992 1543 1023; x_wconf 85' lang='lat' dir='ltr'><strong>Romanis</strong></span> <span class='ocrx_word' id='word_1_198' title='bbox 1569 993 1601 1023; x_wconf 89' lang='lat' dir='ltr'><strong>in</strong></span> <span class='ocrx_word' id='word_1_199' title='bbox 1626 993 1825 1025; x_wconf 84' lang='lat' dir='ltr'><strong>deditionem</strong></span> <span class='ocrx_word' id='word_1_200' title='bbox 1849 996 1972 1035; x_wconf 77' lang='lat' dir='ltr'><strong>accepti</strong></span> 
     </span>
     <span class='ocr_line' id='line_1_19' title="bbox 244 1049 1973 1091; baseline 0.001 -11"><span class='ocrx_word' id='word_1_201' title='bbox 244 1054 341 1087; x_wconf 80' lang='lat' dir='ltr'><strong>sunt3</strong></span> <span class='ocrx_word' id='word_1_202' title='bbox 366 1049 422 1080; x_wconf 82' lang='lat' dir='ltr'><strong>sed</strong></span> <span class='ocrx_word' id='word_1_203' title='bbox 442 1050 584 1089; x_wconf 82' lang='lat' dir='ltr'><strong>Tiburs,</strong></span> <span class='ocrx_word' id='word_1_204' title='bbox 608 1049 860 1090; x_wconf 83' lang='lat' dir='ltr'><strong>Praenestinus,</strong></span> <span class='ocrx_word' id='word_1_205' title='bbox 883 1050 1140 1091; x_wconf 82' lang='lat' dir='ltr'><strong>Veliternusque</strong></span> <span class='ocrx_word' id='word_1_206' title='bbox 1161 1050 1299 1090; x_wconf 88' lang='lat' dir='ltr'><strong>populus</strong></span> <span class='ocrx_word' id='word_1_207' title='bbox 1321 1060 1394 1081; x_wconf 89' lang='lat' dir='ltr'><strong>cum</strong></span> <span class='ocrx_word' id='word_1_208' title='bbox 1416 1049 1553 1080; x_wconf 83' lang='lat' dir='ltr'><strong>auxiliis</strong></span> <span class='ocrx_word' id='word_1_209' title='bbox 1578 1050 1826 1082; x_wconf 85' lang='lat' dir='ltr'><strong>Lanuvinorum</strong></span> <span class='ocrx_word' id='word_1_210' title='bbox 1853 1057 1883 1082; x_wconf 81' lang='lat' dir='ltr'><strong>et</strong></span> <span class='ocrx_word' id='word_1_211' title='bbox 1903 1052 1973 1082; x_wconf 72' lang='lat' dir='ltr'><strong>An—</strong></span> 
     </span>
     <span class='ocr_line' id='line_1_20' title="bbox 241 1106 1974 1154; baseline 0.001 -17"><span class='ocrx_word' id='word_1_212' title='bbox 241 1107 376 1137; x_wconf 72' lang='lat' dir='ltr'><strong>tiatium</strong></span> <span class='ocrx_word' id='word_1_213' title='bbox 397 1107 545 1138; x_wconf 82' lang='lat' dir='ltr'><strong>Pedanos</strong></span> <span class='ocrx_word' id='word_1_214' title='bbox 568 1107 765 1154; x_wconf 38' lang='lat' dir='ltr'><strong>tuebantur,</strong></span> <span class='ocrx_word' id='word_1_215' title='bbox 779 1108 836 1148; x_wconf 85' lang='lat' dir='ltr'><strong>qui</strong></span> <span class='ocrx_word' id='word_1_216' title='bbox 859 1112 891 1138; x_wconf 84' lang='lat' dir='ltr'><strong>et</strong></span> <span class='ocrx_word' id='word_1_217' title='bbox 912 1108 977 1148; x_wconf 87' lang='lat' dir='ltr'><strong>ipsi</strong></span> <span class='ocrx_word' id='word_1_218' title='bbox 996 1107 1246 1140; x_wconf 83' lang='lat' dir='ltr'><strong>rebellaverant.</strong></span> <span class='ocrx_word' id='word_1_219' title='bbox 1291 1106 1427 1138; x_wconf 90' lang='lat' dir='ltr'><strong>Proelio</strong></span> <span class='ocrx_word' id='word_1_220' title='bbox 1445 1118 1462 1137; x_wconf 85' lang='lat' dir='ltr'><strong>a</strong></span> <span class='ocrx_word' id='word_1_221' title='bbox 1479 1108 1634 1139; x_wconf 83' lang='lat' dir='ltr'><strong>Romanis</strong></span> <span class='ocrx_word' id='word_1_222' title='bbox 1653 1109 1740 1139; x_wconf 88' lang='lat' dir='ltr'><strong>victi</strong></span> <span class='ocrx_word' id='word_1_223' title='bbox 1758 1114 1847 1147; x_wconf 80' lang='lat' dir='ltr'><strong>sunt,</strong></span> <span class='ocrx_word' id='word_1_224' title='bbox 1872 1119 1974 1148; x_wconf 82' lang='lat' dir='ltr'><strong>quan-</strong></span> 
     </span>
     <span class='ocr_line' id='line_1_21' title="bbox 244 1164 1974 1206; baseline 0.001 -12"><span class='ocrx_word' id='word_1_225' title='bbox 244 1174 339 1204; x_wconf 82' lang='lat' dir='ltr'><strong>quam</strong></span> <span class='ocrx_word' id='word_1_226' title='bbox 363 1164 468 1195; x_wconf 77' lang='lat' dir='ltr'><strong>clades</strong></span> <span class='ocrx_word' id='word_1_227' title='bbox 494 1165 663 1198; x_wconf 80' lang='lat' dir='ltr'><strong>admodum</strong></span> <span class='ocrx_word' id='word_1_228' title='bbox 688 1175 790 1205; x_wconf 88' lang='lat' dir='ltr'><strong>parva</strong></span> <span class='ocrx_word' id='word_1_229' title='bbox 816 1164 914 1196; x_wconf 80' lang='lat' dir='ltr'><strong>fuisse</strong></span> <span class='ocrx_word' id='word_1_230' title='bbox 935 1165 1090 1204; x_wconf 76' lang='lat' dir='ltr'><strong>videtur,</strong></span> <span class='ocrx_word' id='word_1_231' title='bbox 1119 1165 1194 1206; x_wconf 84' lang='lat' dir='ltr'><strong>quia</strong></span> <span class='ocrx_word' id='word_1_232' title='bbox 1227 1164 1309 1196; x_wconf 85' lang='lat' dir='ltr'><strong>Pedi</strong></span> <span class='ocrx_word' id='word_1_233' title='bbox 1334 1165 1531 1205; x_wconf 82' lang='lat' dir='ltr'><strong>expugnatio</strong></span> <span class='ocrx_word' id='word_1_234' title='bbox 1558 1166 1786 1205; x_wconf 83' lang='lat' dir='ltr'><strong>praetermissa</strong></span> <span class='ocrx_word' id='word_1_235' title='bbox 1814 1170 1871 1197; x_wconf 81' lang='lat' dir='ltr'><strong>est.</strong></span> <span class='ocrx_word' id='word_1_236' title='bbox 1918 1165 1974 1196; x_wconf 83' lang='lat' dir='ltr'><strong>In-</strong></span> 
     </span>
     <span class='ocr_line' id='line_1_22' title="bbox 244 1221 1974 1264; baseline 0 -12"><span class='ocrx_word' id='word_1_237' title='bbox 244 1222 394 1263; x_wconf 81' lang='lat' dir='ltr'><strong>sequenti</strong></span> <span class='ocrx_word' id='word_1_238' title='bbox 414 1231 498 1253; x_wconf 84' lang='lat' dir='ltr'><strong>anno</strong></span> <span class='ocrx_word' id='word_1_239' title='bbox 522 1221 737 1262; x_wconf 66' lang='lat' dir='ltr'><strong>latinorum,</strong></span> <span class='ocrx_word' id='word_1_240' title='bbox 761 1222 818 1264; x_wconf 89' lang='lat' dir='ltr'><strong>qui</strong></span> <span class='ocrx_word' id='word_1_241' title='bbox 842 1232 919 1263; x_wconf 84' lang='lat' dir='ltr'><strong>agro</strong></span> <span class='ocrx_word' id='word_1_242' title='bbox 942 1221 1094 1254; x_wconf 84' lang='lat' dir='ltr'><strong>mulctati</strong></span> <span class='ocrx_word' id='word_1_243' title='bbox 1115 1227 1218 1263; x_wconf 85' lang='lat' dir='ltr'><strong>erant,</strong></span> <span class='ocrx_word' id='word_1_244' title='bbox 1243 1222 1306 1253; x_wconf 85' lang='lat' dir='ltr'><strong>iam</strong></span> <span class='ocrx_word' id='word_1_245' title='bbox 1330 1233 1364 1253; x_wconf 83' lang='lat' dir='ltr'><strong>ea</strong></span> <span class='ocrx_word' id='word_1_246' title='bbox 1387 1227 1457 1253; x_wconf 83' lang='lat' dir='ltr'><strong>erat</strong></span> <span class='ocrx_word' id='word_1_247' title='bbox 1479 1221 1641 1259; x_wconf 83' lang='lat' dir='ltr'><strong>condicio,</strong></span> <span class='ocrx_word' id='word_1_248' title='bbox 1665 1227 1700 1253; x_wconf 87' lang='lat' dir='ltr'><strong>ut</strong></span> <span class='ocrx_word' id='word_1_249' title='bbox 1723 1232 1826 1263; x_wconf 81' lang='lat' dir='ltr'><strong>neque</strong></span> <span class='ocrx_word' id='word_1_250' title='bbox 1851 1221 1974 1253; x_wconf 85' lang='lat' dir='ltr'><strong>bellum</strong></span> 
     </span>
     <span class='ocr_line' id='line_1_23' title="bbox 244 1270 1974 1320; baseline 0 -10"><span class='ocrx_word' id='word_1_251' title='bbox 244 1290 346 1320; x_wconf 84' lang='lat' dir='ltr'><strong>neque</strong></span> <span class='ocrx_word' id='word_1_252' title='bbox 366 1288 475 1319; x_wconf 85' lang='lat' dir='ltr'><strong>pacem</strong></span> <span class='ocrx_word' id='word_1_253' title='bbox 498 1281 566 1320; x_wconf 88' lang='lat' dir='ltr'><strong>pati</strong></span> <span class='ocrx_word' id='word_1_254' title='bbox 588 1285 740 1320; x_wconf 83' lang='lat' dir='ltr'><strong>possent,</strong></span> <span class='ocrx_word' id='word_1_255' title='bbox 770 1281 979 1312; x_wconf 81' lang='lat' dir='ltr'><strong>Praenestini</strong></span> <span class='ocrx_word' id='word_1_256' title='bbox 1005 1286 1109 1312; x_wconf 84' lang='lat' dir='ltr'><strong>autem</strong></span> <span class='ocrx_word' id='word_1_257' title='bbox 1135 1291 1171 1312; x_wconf 80' lang='lat' dir='ltr'><strong>ae</strong></span> <span class='ocrx_word' id='word_1_258' title='bbox 1198 1281 1354 1311; x_wconf 82' lang='lat' dir='ltr'><strong>Tiburtes</strong></span> <span class='ocrx_word' id='word_1_259' title='bbox 1376 1291 1441 1310; x_wconf 85' lang='lat' dir='ltr'><strong>non</strong></span> <span class='ocrx_word' id='word_1_260' title='bbox 1464 1279 1581 1310; x_wconf 77' lang='lat' dir='ltr'><strong>fractis</strong></span> <span class='ocrx_word' id='word_1_261' title='bbox 1604 1280 1723 1311; x_wconf 82' lang='lat' dir='ltr'><strong>animis</strong></span> <span class='ocrx_word' id='word_1_262' title='bbox 1747 1270 1894 1311; x_wconf 73' lang='lat' dir='ltr'><strong>Pedanos</strong></span> <span class='ocrx_word' id='word_1_263' title='bbox 1919 1281 1974 1311; x_wconf 84' lang='lat' dir='ltr'><strong>ad-</strong></span> 
     </span>
     <span class='ocr_line' id='line_1_24' title="bbox 243 1327 1975 1375; baseline 0.001 -9"><span class='ocrx_word' id='word_1_264' title='bbox 243 1337 415 1366; x_wconf 73' lang='lat' dir='ltr'><strong>iuverunt.</strong></span> <span class='ocrx_word' id='word_1_265' title='bbox 460 1336 586 1365; x_wconf 85' lang='lat' dir='ltr'><strong>Verum</strong></span> <span class='ocrx_word' id='word_1_266' title='bbox 608 1336 731 1367; x_wconf 79' lang='lat' dir='ltr'><strong>Furius</strong></span> <span class='ocrx_word' id='word_1_267' title='bbox 758 1336 918 1368; x_wconf 83' lang='lat' dir='ltr'><strong>Camillus</strong></span> <span class='ocrx_word' id='word_1_268' title='bbox 940 1327 1098 1367; x_wconf 55' lang='lat' dir='ltr'><strong>Tiburtes</strong></span> <span class='ocrx_word' id='word_1_269' title='bbox 1121 1336 1260 1374; x_wconf 82' lang='lat' dir='ltr'><strong>devicit,</strong></span> <span class='ocrx_word' id='word_1_270' title='bbox 1286 1336 1339 1365; x_wconf 82' lang='lat' dir='ltr'><strong>cui</strong></span> <span class='ocrx_word' id='word_1_271' title='bbox 1356 1335 1485 1375; x_wconf 82' lang='lat' dir='ltr'><strong>proelio</strong></span> <span class='ocrx_word' id='word_1_272' title='bbox 1500 1335 1597 1364; x_wconf 85' lang='lat' dir='ltr'><strong>etiam</strong></span> <span class='ocrx_word' id='word_1_273' title='bbox 1616 1334 1848 1366; x_wconf 84' lang='lat' dir='ltr'><strong>Praenestinos</strong></span> <span class='ocrx_word' id='word_1_274' title='bbox 1872 1336 1975 1368; x_wconf 83' lang='lat' dir='ltr'><strong>inter·</strong></span> 
     </span>
     <span class='ocr_line' id='line_1_25' title="bbox 243 1390 1973 1429; baseline 0 -6"><span class='ocrx_word' id='word_1_275' title='bbox 243 1393 344 1423; x_wconf 80' lang='lat' dir='ltr'><strong>fuisse</strong></span> <span class='ocrx_word' id='word_1_276' title='bbox 366 1394 615 1421; x_wconf 85' lang='lat' dir='ltr'><strong>consentaneum</strong></span> <span class='ocrx_word' id='word_1_277' title='bbox 638 1393 706 1428; x_wconf 86' lang='lat' dir='ltr'><strong>est,</strong></span> <span class='ocrx_word' id='word_1_278' title='bbox 730 1398 828 1429; x_wconf 81' lang='lat' dir='ltr'><strong>quum</strong></span> <span class='ocrx_word' id='word_1_279' title='bbox 851 1393 916 1419; x_wconf 78' lang='lat' dir='ltr'><strong>alla</strong></span> <span class='ocrx_word' id='word_1_280' title='bbox 935 1402 1042 1428; x_wconf 73' lang='lat' dir='ltr'><strong>pugna</strong></span> <span class='ocrx_word' id='word_1_281' title='bbox 1067 1397 1142 1427; x_wconf 65' lang='lat' dir='ltr'><strong>post</strong></span> <span class='ocrx_word' id='word_1_282' title='bbox 1164 1391 1357 1421; x_wconf 75' lang='lat' dir='ltr'><strong>Tiburtium</strong></span> <span class='ocrx_word' id='word_1_283' title='bbox 1385 1390 1508 1418; x_wconf 77' lang='lat' dir='ltr'><strong>cladem</strong></span> <span class='ocrx_word' id='word_1_284' title='bbox 1542 1398 1607 1420; x_wconf 87' lang='lat' dir='ltr'><strong>non</strong></span> <span class='ocrx_word' id='word_1_285' title='bbox 1643 1397 1915 1423; x_wconf 75' lang='lat' dir='ltr'><strong>commemoretur</strong></span> <span class='ocrx_word' id='word_1_286' title='bbox 1945 1399 1973 1423; x_wconf 73' lang='lat' dir='ltr'><strong>ei</strong></span> 
     </span>
     <span class='ocr_line' id='line_1_26' title="bbox 243 1444 1973 1489; baseline -0.001 -8"><span class='ocrx_word' id='word_1_287' title='bbox 243 1450 322 1481; x_wconf 87' lang='lat' dir='ltr'><strong>illos</strong></span> <span class='ocrx_word' id='word_1_288' title='bbox 345 1458 470 1489; x_wconf 83' lang='lat' dir='ltr'><strong>quoque</strong></span> <span class='ocrx_word' id='word_1_289' title='bbox 494 1447 644 1478; x_wconf 81' lang='lat' dir='ltr'><strong>devictos</strong></span> <span class='ocrx_word' id='word_1_290' title='bbox 668 1457 736 1477; x_wconf 86' lang='lat' dir='ltr'><strong>esse</strong></span> <span class='ocrx_word' id='word_1_291' title='bbox 760 1456 839 1486; x_wconf 88' lang='lat' dir='ltr'><strong>opus</strong></span> <span class='ocrx_word' id='word_1_292' title='bbox 861 1446 917 1476; x_wconf 82' lang='lat' dir='ltr'><strong>sit.</strong></span> <span class='ocrx_word' id='word_1_293' title='bbox 963 1444 1088 1475; x_wconf 85' lang='lat' dir='ltr'><strong>Notum</strong></span> <span class='ocrx_word' id='word_1_294' title='bbox 1104 1449 1152 1475; x_wconf 81' lang='lat' dir='ltr'><strong>est</strong></span> <span class='ocrx_word' id='word_1_295' title='bbox 1166 1444 1301 1475; x_wconf 78' lang='lat' dir='ltr'><strong>Latinos</strong></span> <span class='ocrx_word' id='word_1_296' title='bbox 1324 1444 1393 1475; x_wconf 76' lang='lat' dir='ltr'><strong>fere</strong></span> <span class='ocrx_word' id='word_1_297' title='bbox 1417 1455 1527 1476; x_wconf 87' lang='lat' dir='ltr'><strong>omnes</strong></span> <span class='ocrx_word' id='word_1_298' title='bbox 1547 1450 1625 1477; x_wconf 88' lang='lat' dir='ltr'><strong>tunc</strong></span> <span class='ocrx_word' id='word_1_299' title='bbox 1650 1448 1808 1487; x_wconf 81' lang='lat' dir='ltr'><strong>temporis</strong></span> <span class='ocrx_word' id='word_1_300' title='bbox 1834 1448 1973 1480; x_wconf 83' lang='lat' dir='ltr'><strong>liberam</strong></span> 
     </span>
     <span class='ocr_line' id='line_1_27' title="bbox 244 1501 1797 1545; baseline -0.001 -6"><span class='ocrx_word' id='word_1_301' title='bbox 244 1507 397 1540; x_wconf 82' lang='lat' dir='ltr'><strong>civitatis</strong></span> <span class='ocrx_word' id='word_1_302' title='bbox 418 1505 555 1545; x_wconf 82' lang='lat' dir='ltr'><strong>formam</strong></span> <span class='ocrx_word' id='word_1_303' title='bbox 574 1504 732 1536; x_wconf 86' lang='lat' dir='ltr'><strong>amisisse.</strong></span> <span class='ocrx_word' id='word_1_304' title='bbox 779 1502 989 1535; x_wconf 83' lang='lat' dir='ltr'><strong>Praenestini</strong></span> <span class='ocrx_word' id='word_1_305' title='bbox 1012 1506 1049 1533; x_wconf 86' lang='lat' dir='ltr'><strong>ut</strong></span> <span class='ocrx_word' id='word_1_306' title='bbox 1071 1501 1229 1533; x_wconf 87' lang='lat' dir='ltr'><strong>Tiburtes</strong></span> <span class='ocrx_word' id='word_1_307' title='bbox 1250 1512 1326 1542; x_wconf 79' lang='lat' dir='ltr'><strong>agro</strong></span> <span class='ocrx_word' id='word_1_308' title='bbox 1349 1507 1475 1533; x_wconf 77' lang='lat' dir='ltr'><strong>tantum</strong></span> <span class='ocrx_word' id='word_1_309' title='bbox 1498 1502 1647 1534; x_wconf 84' lang='lat' dir='ltr'><strong>mulctati</strong></span> <span class='ocrx_word' id='word_1_310' title='bbox 1668 1509 1745 1536; x_wconf 85' lang='lat' dir='ltr'><strong>sunt</strong></span> <span class='ocrx_word' id='word_1_311' title='bbox 1760 1504 1797 1545; x_wconf 86' lang='lat'><strong>⁵).</strong></span> 
     </span>
    </p>

    <p class='ocr_par' dir='ltr' id='par_1_5' title="bbox 243 1560 1973 1721">
     <span class='ocr_line' id='line_1_28' title="bbox 372 1560 1972 1604; baseline 0.001 -10"><span class='ocrx_word' id='word_1_312' title='bbox 372 1565 567 1604; x_wconf 82' lang='lat' dir='ltr'><strong>Quaeritur,</strong></span> <span class='ocrx_word' id='word_1_313' title='bbox 592 1570 760 1603; x_wconf 75' lang='lat' dir='ltr'><strong>quamnam</strong></span> <span class='ocrx_word' id='word_1_314' title='bbox 783 1561 1010 1593; x_wconf 82' lang='lat' dir='ltr'><strong>condicionem</strong></span> <span class='ocrx_word' id='word_1_315' title='bbox 1033 1561 1075 1591; x_wconf 80' lang='lat' dir='ltr'><strong>ab</strong></span> <span class='ocrx_word' id='word_1_316' title='bbox 1101 1572 1138 1592; x_wconf 84' lang='lat' dir='ltr'><strong>eo</strong></span> <span class='ocrx_word' id='word_1_317' title='bbox 1160 1567 1304 1602; x_wconf 88' lang='lat' dir='ltr'><strong>tempore</strong></span> <span class='ocrx_word' id='word_1_318' title='bbox 1328 1560 1619 1592; x_wconf 85' lang='lat' dir='ltr'><strong>Praenestinorum</strong></span> <span class='ocrx_word' id='word_1_319' title='bbox 1640 1563 1762 1594; x_wconf 79' lang='lat' dir='ltr'><strong>civitas</strong></span> <span class='ocrx_word' id='word_1_320' title='bbox 1785 1564 1972 1596; x_wconf 79' lang='lat' dir='ltr'><strong>exhibuerit</strong></span> 
     </span>
     <span class='ocr_line' id='line_1_29' title="bbox 244 1617 1973 1662; baseline 0 -10"><span class='ocrx_word' id='word_1_321' title='bbox 244 1627 275 1653; x_wconf 89' lang='lat' dir='ltr'><strong>et</strong></span> <span class='ocrx_word' id='word_1_322' title='bbox 299 1631 454 1662; x_wconf 84' lang='lat' dir='ltr'><strong>quaenam</strong></span> <span class='ocrx_word' id='word_1_323' title='bbox 476 1620 578 1651; x_wconf 84' lang='lat' dir='ltr'><strong>fuerit</strong></span> <span class='ocrx_word' id='word_1_324' title='bbox 601 1619 685 1650; x_wconf 86' lang='lat' dir='ltr'><strong>ratio</strong></span> <span class='ocrx_word' id='word_1_325' title='bbox 709 1618 869 1657; x_wconf 88' lang='lat' dir='ltr'><strong>foederis,</strong></span> <span class='ocrx_word' id='word_1_326' title='bbox 904 1617 990 1658; x_wconf 89' lang='lat' dir='ltr'><strong>quod</strong></span> <span class='ocrx_word' id='word_1_327' title='bbox 1017 1618 1091 1647; x_wconf 87' lang='lat' dir='ltr'><strong>inde</strong></span> <span class='ocrx_word' id='word_1_328' title='bbox 1115 1618 1246 1648; x_wconf 84' lang='lat' dir='ltr'><strong>exstitit</strong></span> <span class='ocrx_word' id='word_1_329' title='bbox 1267 1618 1427 1648; x_wconf 83' lang='lat' dir='ltr'><strong>Romanos</strong></span> <span class='ocrx_word' id='word_1_330' title='bbox 1449 1618 1538 1648; x_wconf 87' lang='lat' dir='ltr'><strong>inter</strong></span> <span class='ocrx_word' id='word_1_331' title='bbox 1560 1623 1591 1648; x_wconf 88' lang='lat' dir='ltr'><strong>et</strong></span> <span class='ocrx_word' id='word_1_332' title='bbox 1618 1618 1861 1652; x_wconf 82' lang='lat' dir='ltr'><strong>Praenestinos.</strong></span> <span class='ocrx_word' id='word_1_333' title='bbox 1909 1623 1973 1652; x_wconf 80' lang='lat' dir='ltr'><strong>At-</strong></span> 
     </span>
     <span class='ocr_line' id='line_1_30' title="bbox 243 1674 1973 1721; baseline 0.001 -12"><span class='ocrx_word' id='word_1_334' title='bbox 243 1689 305 1721; x_wconf 85' lang='lat' dir='ltr'><strong>que</strong></span> <span class='ocrx_word' id='word_1_335' title='bbox 334 1678 393 1709; x_wconf 86' lang='lat' dir='ltr'><strong>hae</strong></span> <span class='ocrx_word' id='word_1_336' title='bbox 425 1677 463 1708; x_wconf 84' lang='lat' dir='ltr'><strong>de</strong></span> <span class='ocrx_word' id='word_1_337' title='bbox 492 1688 526 1708; x_wconf 89' lang='lat' dir='ltr'><strong>re</strong></span> <span class='ocrx_word' id='word_1_338' title='bbox 562 1681 652 1708; x_wconf 88' lang='lat' dir='ltr'><strong>caute</strong></span> <span class='ocrx_word' id='word_1_339' title='bbox 680 1675 904 1708; x_wconf 83' lang='lat' dir='ltr'><strong>disserendum</strong></span> <span class='ocrx_word' id='word_1_340' title='bbox 932 1679 991 1707; x_wconf 83' lang='lat' dir='ltr'><strong>est.</strong></span> <span class='ocrx_word' id='word_1_341' title='bbox 1035 1674 1156 1707; x_wconf 89' lang='lat' dir='ltr'><strong>Livius</strong></span> <span class='ocrx_word' id='word_1_342' title='bbox 1186 1674 1273 1707; x_wconf 81' lang='lat' dir='ltr'><strong>nihil</strong></span> <span class='ocrx_word' id='word_1_343' title='bbox 1307 1679 1554 1716; x_wconf 85' lang='lat' dir='ltr'><strong>commemorat,</strong></span> <span class='ocrx_word' id='word_1_344' title='bbox 1590 1675 1657 1708; x_wconf 84' lang='lat' dir='ltr'><strong>nisi</strong></span> <span class='ocrx_word' id='word_1_345' title='bbox 1689 1677 1773 1718; x_wconf 91' lang='lat' dir='ltr'><strong>quod</strong></span> <span class='ocrx_word' id='word_1_346' title='bbox 1806 1688 1861 1709; x_wconf 88' lang='lat' dir='ltr'><strong>eos</strong></span> <span class='ocrx_word' id='word_1_347' title='bbox 1894 1690 1973 1720; x_wconf 84' lang='lat' dir='ltr'><strong>agro</strong></span> 
     </span>
    </p>
   </div>
   <div class='ocr_carea' id='block_1_4' title="bbox 285 1794 1973 1936">
    <p class='ocr_par' dir='ltr' id='par_1_6' title="bbox 285 1794 1973 1936">
     <span class='ocr_line' id='line_1_31' title="bbox 288 1794 665 1829; baseline -0.008 -4"><span class='ocrx_word' id='word_1_348' title='bbox 288 1798 297 1819; x_wconf 91' lang='lat'>¹</span> <span class='ocrx_word' id='word_1_349' title='bbox 330 1796 398 1825; x_wconf 84' lang='lat' dir='ltr'><strong>Liv.</strong></span> <span class='ocrx_word' id='word_1_350' title='bbox 420 1795 492 1829; x_wconf 84' lang='lat' dir='ltr'><strong>vn,</strong></span> <span class='ocrx_word' id='word_1_351' title='bbox 512 1795 558 1828; x_wconf 90' lang='lat'><strong>11,</strong></span> <span class='ocrx_word' id='word_1_352' title='bbox 582 1796 614 1823; x_wconf 84' lang='lat'><strong>1·</strong></span> <span class='ocrx_word' id='word_1_353' title='bbox 636 1794 665 1824; x_wconf 82' lang='lat'><strong>2.</strong></span> 
     </span>
     <span class='ocr_line' id='line_1_32' title="bbox 285 1795 1965 1881; baseline -0.001 -8"><span class='ocrx_word' id='word_1_354' title='bbox 285 1795 312 1881; x_wconf 51' lang='grc' dir='ltr'><strong>ἲς</strong></span> <span class='ocrx_word' id='word_1_355' title='bbox 334 1846 403 1881; x_wconf 71' lang='lat' dir='ltr'><strong>Liv.</strong></span> <span class='ocrx_word' id='word_1_356' title='bbox 425 1845 502 1877; x_wconf 80' lang='lat' dir='ltr'><strong>vll,</strong></span> <span class='ocrx_word' id='word_1_357' title='bbox 528 1845 578 1877; x_wconf 83' lang='lat'><strong>12,</strong></span> <span class='ocrx_word' id='word_1_358' title='bbox 598 1815 617 1873; x_wconf 63' lang='lat' dir='ltr'><strong>i}</strong></span> <span class='ocrx_word' id='word_1_359' title='bbox 638 1849 759 1872; x_wconf 65' lang='lat' dir='ltr'><strong>tantum:</strong></span> <span class='ocrx_word' id='word_1_360' title='bbox 795 1843 909 1873; x_wconf 79' lang='lat' dir='ltr'><strong>»Gallos</strong></span> <span class='ocrx_word' id='word_1_361' title='bbox 928 1855 997 1873; x_wconf 80' lang='lat' dir='ltr'><strong>mox</strong></span> <span class='ocrx_word' id='word_1_362' title='bbox 1018 1844 1178 1875; x_wconf 86' lang='lat' dir='ltr'><strong>Praeneste</strong></span> <span class='ocrx_word' id='word_1_363' title='bbox 1200 1844 1318 1873; x_wconf 83' lang='lat' dir='ltr'><strong>venisse</strong></span> <span class='ocrx_word' id='word_1_364' title='bbox 1339 1850 1425 1879; x_wconf 83' lang='lat' dir='ltr'><strong>atque</strong></span> <span class='ocrx_word' id='word_1_365' title='bbox 1457 1844 1525 1872; x_wconf 76' lang='lat' dir='ltr'><strong>inde</strong></span> <span class='ocrx_word' id='word_1_366' title='bbox 1546 1845 1625 1873; x_wconf 81' lang='lat' dir='ltr'><strong>circa</strong></span> <span class='ocrx_word' id='word_1_367' title='bbox 1646 1845 1758 1874; x_wconf 81' lang='lat' dir='ltr'><strong>Pedum</strong></span> <span class='ocrx_word' id='word_1_368' title='bbox 1782 1845 1965 1873; x_wconf 75' lang='lat' dir='ltr'><strong>consedisse«</strong></span> 
     </span>
     <span class='ocr_line' id='line_1_33' title="bbox 321 1893 1973 1936; baseline -0.001 -13"><span class='ocrx_word' id='word_1_369' title='bbox 321 1899 430 1923; x_wconf 80' lang='lat' dir='ltr'><strong>narrat.</strong></span> <span class='ocrx_word' id='word_1_370' title='bbox 471 1893 530 1921; x_wconf 88' lang='lat' dir='ltr'><strong>Sed</strong></span> <span class='ocrx_word' id='word_1_371' title='bbox 557 1900 596 1920; x_wconf 86' lang='lat' dir='ltr'><strong>ex</strong></span> <span class='ocrx_word' id='word_1_372' title='bbox 623 1893 808 1936; x_wconf 63' lang='lat' dir='ltr'><strong>Hbs-,Vffl’</strong></span> <span class='ocrx_word' id='word_1_373' title='bbox 832 1894 882 1928; x_wconf 79' lang='lat'><strong>14,</strong></span> <span class='ocrx_word' id='word_1_374' title='bbox 903 1895 922 1924; x_wconf 85' lang='lat'>9</span> <span class='ocrx_word' id='word_1_375' title='bbox 950 1900 1070 1932; x_wconf 78' lang='lat' dir='ltr'><strong>apparet</strong></span> <span class='ocrx_word' id='word_1_376' title='bbox 1096 1894 1305 1922; x_wconf 76' lang='lat' dir='ltr'><strong>Praenestinos</strong></span> <span class='ocrx_word' id='word_1_377' title='bbox 1331 1902 1408 1920; x_wconf 81' lang='lat' dir='ltr'><strong>arma</strong></span> <span class='ocrx_word' id='word_1_378' title='bbox 1438 1903 1501 1921; x_wconf 88' lang='lat' dir='ltr'><strong>cum</strong></span> <span class='ocrx_word' id='word_1_379' title='bbox 1527 1894 1623 1921; x_wconf 89' lang='lat' dir='ltr'><strong>Gallis</strong></span> <span class='ocrx_word' id='word_1_380' title='bbox 1645 1895 1882 1929; x_wconf 77' lang='lat' dir='ltr'><strong>Tiburtibusque</strong></span> <span class='ocrx_word' id='word_1_381' title='bbox 1904 1905 1973 1922; x_wconf 82' lang='lat' dir='ltr'><strong>con-</strong></span> 
     </span>
    </p>
   </div>
   <div class='ocr_carea' id='block_1_5' title="bbox 284 1942 1975 2192">
    <p class='ocr_par' dir='ltr' id='par_1_7' title="bbox 322 1942 1060 1979">
     <span class='ocr_line' id='line_1_34' title="bbox 322 1942 1060 1979; baseline 0.003 -7"><span class='ocrx_word' id='word_1_382' title='bbox 322 1944 466 1973; x_wconf 69' lang='lat' dir='ltr'><strong>sociasse.‘</strong></span> <span class='ocrx_word' id='word_1_383' title='bbox 502 1958 540 1964; x_wconf 90' lang='lat'>—</span> <span class='ocrx_word' id='word_1_384' title='bbox 582 1942 612 1978; x_wconf 79' lang='lat'><strong>³)</strong></span> <span class='ocrx_word' id='word_1_385' title='bbox 631 1944 676 1972; x_wconf 83' lang='lat' dir='ltr'><strong>Cf.</strong></span> <span class='ocrx_word' id='word_1_386' title='bbox 699 1944 833 1972; x_wconf 87' lang='lat' dir='ltr'><strong>Niebuhr</strong></span> <span class='ocrx_word' id='word_1_387' title='bbox 852 1945 872 1973; x_wconf 94' lang='lat' dir='ltr'><strong>l.</strong></span> <span class='ocrx_word' id='word_1_388' title='bbox 896 1945 916 1973; x_wconf 81' lang='lat'><strong>1.</strong></span> <span class='ocrx_word' id='word_1_389' title='bbox 937 1946 991 1979; x_wconf 92' lang='lat'><strong>111,</strong></span> <span class='ocrx_word' id='word_1_390' title='bbox 1012 1945 1060 1974; x_wconf 81' lang='grc'><strong>96.</strong></span> 
     </span>
    </p>

    <p class='ocr_par' dir='ltr' id='par_1_8' title="bbox 284 1991 1975 2192">
     <span class='ocr_line' id='line_1_35' title="bbox 284 1991 1971 2038; baseline 0.001 -15"><span class='ocrx_word' id='word_1_391' title='bbox 284 2000 311 2036; x_wconf 70' lang='lat'><strong>4)</strong></span> <span class='ocrx_word' id='word_1_392' title='bbox 334 2000 451 2027; x_wconf 83' lang='lat' dir='ltr'><strong>Diodor</strong></span> <span class='ocrx_word' id='word_1_393' title='bbox 471 2000 554 2032; x_wconf 77' lang='lat' dir='ltr'><strong>XVI,</strong></span> <span class='ocrx_word' id='word_1_394' title='bbox 573 1998 628 2027; x_wconf 76' lang='lat'><strong>45:</strong></span> <span class='ocrx_word' id='word_1_395' title='bbox 650 1992 740 2024; x_wconf 79' lang='grc' dir='ltr'>κατὰ</span> <span class='ocrx_word' id='word_1_396' title='bbox 763 1993 796 2025; x_wconf 79' lang='grc' dir='ltr'><strong>δὲ</strong></span> <span class='ocrx_word' id='word_1_397' title='bbox 818 1993 879 2030; x_wconf 72' lang='grc' dir='ltr'><strong>τὴν</strong></span> <span class='ocrx_word' id='word_1_398' title='bbox 899 1994 1046 2026; x_wconf 81' lang='grc' dir='ltr'><em>Ἰταλίαν</em></span> <span class='ocrx_word' id='word_1_399' title='bbox 1060 1995 1211 2036; x_wconf 83' lang='grc' dir='ltr'><em>Ῥωμαῖοι</em></span> <span class='ocrx_word' id='word_1_400' title='bbox 1236 1991 1319 2038; x_wconf 80' lang='grc' dir='ltr'>πρὸς</span> <span class='ocrx_word' id='word_1_401' title='bbox 1338 1992 1394 2035; x_wconf 82' lang='grc' dir='ltr'><strong>μὲν</strong></span> <span class='ocrx_word' id='word_1_402' title='bbox 1406 1993 1663 2037; x_wconf 64' lang='grc' dir='ltr'><strong><em>Πραινεστίνου-ς</em></strong></span> <span class='ocrx_word' id='word_1_403' title='bbox 1678 1994 1822 2036; x_wconf 74' lang='grc' dir='ltr'><strong><em>ἀνοχὰς,</em></strong></span> <span class='ocrx_word' id='word_1_404' title='bbox 1845 1995 1927 2038; x_wconf 79' lang='grc' dir='ltr'><strong>πρὸς</strong></span> <span class='ocrx_word' id='word_1_405' title='bbox 1940 1996 1971 2026; x_wconf 71' lang='grc' dir='ltr'><strong>δὲ</strong></span> 
     </span>
     <span class='ocr_line' id='line_1_36' title="bbox 316 2047 1969 2091; baseline 0.001 -11"><span class='ocrx_word' id='word_1_406' title='bbox 316 2048 495 2091; x_wconf 34' lang='grc' dir='ltr'><strong><em>ΔΣαμνίη-ας</em></strong></span> <span class='ocrx_word' id='word_1_407' title='bbox 519 2047 683 2086; x_wconf 64' lang='grc' dir='ltr'><strong>συνθήκας</strong></span> <span class='ocrx_word' id='word_1_408' title='bbox 706 2048 919 2086; x_wconf 68' lang='grc' dir='ltr'><strong>ἐποιήσαντσο</strong></span> <span class='ocrx_word' id='word_1_409' title='bbox 960 2054 1007 2082; x_wconf 89' lang='lat' dir='ltr'><strong>De</strong></span> <span class='ocrx_word' id='word_1_410' title='bbox 1028 2053 1202 2082; x_wconf 78' lang='lat' dir='ltr'><strong>Samnitium</strong></span> <span class='ocrx_word' id='word_1_411' title='bbox 1225 2061 1288 2080; x_wconf 84' lang='lat' dir='ltr'><strong>cum</strong></span> <span class='ocrx_word' id='word_1_412' title='bbox 1308 2051 1446 2080; x_wconf 85' lang='lat' dir='ltr'><strong>Romanis</strong></span> <span class='ocrx_word' id='word_1_413' title='bbox 1470 2051 1587 2079; x_wconf 86' lang='lat' dir='ltr'><strong>foedere</strong></span> <span class='ocrx_word' id='word_1_414' title='bbox 1608 2053 1645 2081; x_wconf 73' lang='lat' dir='ltr'><strong>ci.</strong></span> <span class='ocrx_word' id='word_1_415' title='bbox 1668 2052 1736 2081; x_wconf 88' lang='lat' dir='ltr'><strong>Liv.</strong></span> <span class='ocrx_word' id='word_1_416' title='bbox 1760 2053 1845 2086; x_wconf 72' lang='lat' dir='ltr'><strong>vlu,</strong></span> <span class='ocrx_word' id='word_1_417' title='bbox 1871 2054 1919 2086; x_wconf 84' lang='lat'><strong>19,</strong></span> <span class='ocrx_word' id='word_1_418' title='bbox 1943 2053 1969 2081; x_wconf 64' lang='lat'><strong>4.</strong></span> 
     </span>
     <span class='ocr_line' id='line_1_37' title="bbox 321 2102 1974 2139; baseline -0.002 -6"><span class='ocrx_word' id='word_1_419' title='bbox 321 2105 416 2133; x_wconf 75' lang='lat' dir='ltr'><strong>Quum</strong></span> <span class='ocrx_word' id='word_1_420' title='bbox 444 2105 529 2133; x_wconf 80' lang='lat' dir='ltr'><strong>etiam</strong></span> <span class='ocrx_word' id='word_1_421' title='bbox 557 2104 716 2132; x_wconf 82' lang='lat' dir='ltr'><strong>secundum</strong></span> <span class='ocrx_word' id='word_1_422' title='bbox 743 2104 863 2132; x_wconf 83' lang='lat' dir='ltr'><strong>Livium</strong></span> <span class='ocrx_word' id='word_1_423' title='bbox 890 2105 976 2138; x_wconf 76' lang='lat' dir='ltr'><strong>vm,</strong></span> <span class='ocrx_word' id='word_1_424' title='bbox 999 2104 1045 2138; x_wconf 75' lang='lat'><strong>14,</strong></span> <span class='ocrx_word' id='word_1_425' title='bbox 1068 2104 1088 2133; x_wconf 82' lang='lat'>9</span> <span class='ocrx_word' id='word_1_426' title='bbox 1114 2103 1302 2131; x_wconf 78' lang='lat' dir='ltr'><strong>Praenestini</strong></span> <span class='ocrx_word' id='word_1_427' title='bbox 1333 2111 1387 2130; x_wconf 84' lang='lat' dir='ltr'><strong>una</strong></span> <span class='ocrx_word' id='word_1_428' title='bbox 1414 2111 1476 2130; x_wconf 88' lang='lat' dir='ltr'><strong>cum</strong></span> <span class='ocrx_word' id='word_1_429' title='bbox 1498 2102 1594 2130; x_wconf 83' lang='lat' dir='ltr'><strong>Gallis</strong></span> <span class='ocrx_word' id='word_1_430' title='bbox 1616 2108 1716 2130; x_wconf 81' lang='lat' dir='ltr'><strong>contra</strong></span> <span class='ocrx_word' id='word_1_431' title='bbox 1743 2104 1888 2131; x_wconf 87' lang='lat' dir='ltr'><strong>Romanos</strong></span> <span class='ocrx_word' id='word_1_432' title='bbox 1919 2113 1974 2139; x_wconf 90' lang='lat' dir='ltr'><strong>pu-</strong></span> 
     </span>
     <span class='ocr_line' id='line_1_38' title="bbox 324 2153 1975 2192; baseline -0.001 -10"><span class='ocrx_word' id='word_1_433' title='bbox 324 2160 474 2190; x_wconf 70' lang='lat' dir='ltr'><strong>gnassent,</strong></span> <span class='ocrx_word' id='word_1_434' title='bbox 493 2160 612 2192; x_wconf 78' lang='lat' dir='ltr'><strong>apparet</strong></span> <span class='ocrx_word' id='word_1_435' title='bbox 628 2154 841 2183; x_wconf 69' lang='lat' dir='ltr'><strong>Praenestinos</strong></span> <span class='ocrx_word' id='word_1_436' title='bbox 861 2162 925 2183; x_wconf 79' lang='lat' dir='ltr'><strong>cum</strong></span> <span class='ocrx_word' id='word_1_437' title='bbox 946 2154 1073 2188; x_wconf 70' lang='lat' dir='ltr'><strong>Latinis,</strong></span> <span class='ocrx_word' id='word_1_438' title='bbox 1094 2154 1147 2189; x_wconf 88' lang='lat' dir='ltr'><strong>qui</strong></span> <span class='ocrx_word' id='word_1_439' title='bbox 1165 2155 1220 2182; x_wconf 87' lang='lat' dir='ltr'><strong>hoc</strong></span> <span class='ocrx_word' id='word_1_440' title='bbox 1239 2154 1317 2181; x_wconf 91' lang='lat' dir='ltr'><strong>bello</strong></span> <span class='ocrx_word' id='word_1_441' title='bbox 1332 2154 1525 2181; x_wconf 74' lang='lat' dir='ltr'><strong>Romanorum</strong></span> <span class='ocrx_word' id='word_1_442' title='bbox 1547 2153 1623 2181; x_wconf 87' lang='lat' dir='ltr'><strong>socii</strong></span> <span class='ocrx_word' id='word_1_443' title='bbox 1646 2158 1727 2181; x_wconf 75' lang='lat' dir='ltr'><strong>eraut</strong></span> <span class='ocrx_word' id='word_1_444' title='bbox 1747 2154 1891 2187; x_wconf 79' lang='lat' dir='ltr'><strong>vl11,12,</strong></span> <span class='ocrx_word' id='word_1_445' title='bbox 1906 2153 1943 2187; x_wconf 79' lang='lat'><strong>7;</strong></span> <span class='ocrx_word' id='word_1_446' title='bbox 1957 2154 1975 2181; x_wconf 67' lang='lat' dir='ltr'>S</span> 
     </span>
    </p>
   </div>
   <div class='ocr_carea' id='block_1_6' title="bbox 286 2204 1346 2291">
    <p class='ocr_par' dir='ltr' id='par_1_9' title="bbox 286 2204 1346 2291">
     <span class='ocr_line' id='line_1_39' title="bbox 322 2204 1346 2240; baseline 0 -8"><span class='ocrx_word' id='word_1_447' title='bbox 322 2205 353 2232; x_wconf 82' lang='lat' dir='ltr'><strong>in</strong></span> <span class='ocrx_word' id='word_1_448' title='bbox 375 2213 456 2232; x_wconf 70' lang='lat' dir='ltr'><strong>unam</strong></span> <span class='ocrx_word' id='word_1_449' title='bbox 477 2205 624 2233; x_wconf 71' lang='lat' dir='ltr'><strong>civitate-n</strong></span> <span class='ocrx_word' id='word_1_450' title='bbox 647 2212 703 2232; x_wconf 82' lang='lat' dir='ltr'><strong>non</strong></span> <span class='ocrx_word' id='word_1_451' title='bbox 724 2204 887 2239; x_wconf 71' lang='lat' dir='ltr'><strong>coaluisse,</strong></span> <span class='ocrx_word' id='word_1_452' title='bbox 908 2205 940 2232; x_wconf 88' lang='lat' dir='ltr'><strong>id</strong></span> <span class='ocrx_word' id='word_1_453' title='bbox 959 2205 1038 2240; x_wconf 85' lang='lat' dir='ltr'><strong>quod</strong></span> <span class='ocrx_word' id='word_1_454' title='bbox 1057 2205 1114 2232; x_wconf 73' lang='lat' dir='ltr'><strong>inu</strong></span> <span class='ocrx_word' id='word_1_455' title='bbox 1133 2205 1346 2233; x_wconf 78' lang='lat' dir='ltr'><strong>contendimus.</strong></span> 
     </span>
     <span class='ocr_line' id='line_1_40' title="bbox 286 2252 791 2291; baseline 0 -9"><span class='ocrx_word' id='word_1_456' title='bbox 286 2252 314 2291; x_wconf 84' lang='lat'><strong>⁵)</strong></span> <span class='ocrx_word' id='word_1_457' title='bbox 334 2254 402 2282; x_wconf 90' lang='lat' dir='ltr'><strong>Liv.</strong></span> <span class='ocrx_word' id='word_1_458' title='bbox 424 2254 511 2289; x_wconf 86' lang='lat' dir='ltr'><strong>VIII,</strong></span> <span class='ocrx_word' id='word_1_459' title='bbox 533 2254 616 2283; x_wconf 72' lang='lat'>8-14</span> <span class='ocrx_word' id='word_1_460' title='bbox 638 2254 673 2281; x_wconf 84' lang='lat' dir='ltr'><strong>cs.</strong></span> <span class='ocrx_word' id='word_1_461' title='bbox 696 2253 740 2287; x_wconf 70' lang='lat'><strong>14,</strong></span> <span class='ocrx_word' id='word_1_462' title='bbox 761 2253 791 2282; x_wconf 83' lang='lat'><strong>9.</strong></span> 
     </span>
    </p>
   </div>
  </div>
 </body>
</html>
