2208 2709
0 1272 19 1334 Ξ

0 1332 19 1590 ἶ

223 121 399 154 Praeneste
417 118 572 161 oppidum
595 116 694 149 situm
717 121 786 148 erat
809 117 846 148 in
867 115 1045 147 montibus.
1093 116 1160 156 Qui
1188 116 1265 148 urbi
1296 116 1405 148 vieini
1433 122 1549 158 erant,
1579 117 1826 158 appellabantur

92 184 218 211 montes
240 177 447 212 Praenestini
464 177 500 216 ¹).
545 174 710 217 Oppidum
730 174 886 215 frigidam
909 173 1079 206 admodum
1103 173 1187 206 coeli
1218 174 1409 216 temperiem
1431 174 1566 214 habuit,
1597 174 1735 216 ideoque
1756 175 1825 206 Ho-

91 236 196 268 ratius
217 236 331 269 urbem
356 232 497 275 appellat
517 233 674 275 frigidam
704 236 736 262 et
766 231 936 264 Iuvenalis
966 231 1125 272 gelidam,
1155 232 1240 274 quod
1270 232 1377 274 frigus
1403 232 1495 273 larga
1519 241 1599 273 aqua
1623 241 1640 262 e
1660 233 1827 265 montibus

90 295 126 324 in
149 294 263 327 urbem
286 293 404 322 fluente
436 295 566 322 auctum
596 300 665 321 esse
686 288 823 321 videtur
837 289 875 330 2).
920 288 1150 320 Nihilominus
1186 288 1361 321 Praeneste
1390 289 1641 322 saluberrimam
1675 289 1826 321 exhibuit

87 350 228 382 vivendi
249 348 495 386 condicionem3
521 356 595 377 nam
616 351 647 377 et
667 345 858 386 Augustus',
891 346 1041 387 quamvis
1066 351 1217 386 aegrotus
1241 351 1325 378 esset
1348 353 1443 389 atque
1474 346 1509 379 in
1540 346 1702 388 eligendis
1726 346 1823 386 locis,

86 408 143 439 ubi
166 410 432 444 conmnoraretur,
453 403 510 434 vel
532 403 672 434 maxime
695 407 828 443 cautus,
860 402 1003 434 libenter
1025 403 1202 435 Praeneste
1225 405 1397 437 recedebat
1412 405 1461 444 3),
1494 410 1525 435 et
1554 404 1737 443 Horatius,
1765 404 1825 435 vir

86 463 168 495 haud
188 463 334 504 ignarus,
361 460 521 503 quomodo
541 461 622 492 bene
645 459 795 500 lauteque
817 459 1006 500 viveretur,
1028 459 1312 494 Praeneste-sive
1325 462 1444 494 villam
1467 462 1515 492 ibi
1535 462 1681 502 possedit
1695 463 1724 502 ⁴¹)
1748 461 1822 492 sive

85 522 272 562 Augustum
297 524 453 561 sequutus
477 523 525 550 est
542 538 585 544 —
609 517 759 549 recedere
784 516 929 558 solebat,
965 518 1022 550 ubi
1046 517 1152 550 Musis
1174 523 1270 562 atque
1292 519 1425 551 sibimet
1455 519 1519 560 ipsi
1541 519 1676 550 viveret
1689 519 1728 559 5).
1776 517 1820 549 Et

85 578 270 621 praeclarae
292 581 386 608 erant
418 576 563 608 aestivae
585 576 762 607 Praeneste
785 575 921 607 deliciae
937 575 965 617 6)
995 581 1131 617 propter
1157 579 1264 608 ae'rem
1285 577 1515 618 frigidiorem,
1543 581 1574 607 et
1599 576 1821 607 Romanorum

85 637 170 668 dites
207 635 243 666 in
273 634 501 666 Praenestinis
535 644 662 675 quoque
691 634 858 665 montibus
888 633 954 665 alta
987 634 1148 666 villarum
1178 635 1321 667 culmina
1350 634 1416 666 sibi
1444 644 1574 676 parasse
1604 634 1764 666 videntur
1778 634 1818 675 7),

86 693 121 724 id
145 691 229 734 quod
252 696 379 723 tantum
399 692 434 722 in
464 691 547 722 locis
571 691 710 722 maxime
733 691 877 722 amoenis
899 691 974 721 fieri
995 691 1129 722 solebat.
1175 692 1344 732 Imprimis
1367 693 1586 724 Romanorum
1612 692 1679 724 fere
1706 703 1818 724 omnes

86 750 299 790 imperatores
322 749 466 780 libenter
484 748 520 779 in
545 748 759 780 Praenestino
783 758 913 780 secessu
939 748 1044 779 vitam
1067 749 1224 790 degebant
1235 749 1282 789 S),
1306 759 1409 789 neque
1433 749 1559 789 singuli
1581 749 1616 779 in
1638 749 1723 780 villa
1745 749 1817 790 pri-

84 811 159 839 vata
177 807 285 848 gentis
309 816 385 838 suae
410 805 573 838 habitasse
596 805 767 846 videntur,
792 806 848 837 sed
872 806 907 836 in
929 805 1073 846 publicis
1096 806 1268 837 Caesarum
1291 806 1425 838 aedibus
1438 806 1475 846 ⁹).

214 864 288 896 Arx
317 864 506 896 Praenestis
535 863 648 905 oppidi
673 864 737 896 sita
767 868 836 895 erat
868 863 904 895 in
934 874 1058 895 summo
1081 868 1209 905 monte,
1245 863 1303 906 qui
1335 864 1532 906 interposita
1561 863 1721 905 voragine
1746 873 1818 894 cum

86 921 227 962 reliquis
248 921 416 952 montibus
440 931 506 952 non
530 923 785 961 conjunctus10)
807 926 839 952 et
864 926 972 952 tantae
995 921 1183 954 altitudinis
1207 928 1297 963 erat,
1327 927 1364 954 ut
1396 923 1453 963 qui
1478 927 1565 953 recta
1584 923 1640 953 via
1665 933 1682 953 a
1706 922 1818 952 radice

83 989 184 1020 usque
205 978 244 1010 ad
266 978 437 1020 fastigium
461 979 663 1020 ascenderet,
689 978 752 1010 duo
774 977 879 1009 stadia
903 979 1094 1011 emetiretur
1110 979 1162 1021 ι1).
1211 979 1471 1011 Consentaneum
1487 984 1546 1019 est,
1570 980 1633 1010 iam
1655 980 1694 1010 ab
1717 979 1818 1009 initio

83 1037 237 1076 oppidum
260 1047 326 1067 non
347 1037 453 1067 solum
479 1037 514 1067 in
537 1037 659 1067 montis
682 1036 837 1077 fastigio,
862 1035 918 1067 sed
944 1036 1041 1067 etiam
1072 1037 1108 1068 in
1137 1038 1209 1079 ipso
1245 1037 1364 1069 devexi
1393 1037 1515 1068 montis
1541 1037 1738 1078 praecipitio
1761 1046 1817 1066 ex-

82 1097 243 1125 structum
264 1093 379 1133 fuisse,
407 1102 506 1134 quum
528 1093 752 1135 antiquissimi
778 1092 867 1123 muri
889 1092 1049 1133 reliquiae
1072 1095 1199 1125 moenia
1224 1095 1263 1125 ab
1280 1105 1354 1125 arce
1378 1095 1465 1126 circa
1482 1095 1637 1134 oppidum
1650 1095 1818 1133 utrimque

82 1160 182 1190 usque
208 1151 247 1182 ad
271 1150 394 1182 vallem
413 1150 569 1191 perducta
591 1151 693 1181 fuisse
716 1150 910 1189 ostendant,
943 1155 1038 1191 atque
1072 1151 1177 1193 ipsius
1208 1152 1296 1183 muri
1320 1162 1422 1193 genus
1456 1151 1646 1192 comprobet
1663 1173 1672 1190 ,
1697 1154 1818 1180 tantam

82 1206 251 1237 hominum
274 1207 519 1239 multitudinem
549 1208 588 1240 ad
611 1209 738 1239 moenia
762 1207 822 1238 illa
853 1208 1047 1240 exstruenda
1069 1219 1149 1250 opus
1179 1208 1300 1248 fuisse,
1328 1214 1366 1241 ut
1397 1218 1507 1238 omnes
1538 1207 1662 1238 incolae
1687 1208 1722 1237 in
1746 1206 1818 1237 solo

82 1264 205 1295 montis
226 1263 360 1305 fastigio
380 1264 528 1296 habitare
551 1275 617 1296 non
642 1265 821 1306 potuerint.
868 1264 992 1297 Notum
1013 1270 1080 1306 est,
1105 1271 1261 1307 quantum
1282 1270 1444 1298 certamen
1475 1265 1563 1296 inter
1585 1264 1681 1296 viros
1705 1264 1818 1295 doctos

126 1377 152 1413 1)
171 1379 291 1406 Iuvenal
310 1380 395 1412 xlv,
417 1379 465 1408 86.
507 1379 576 1408 Liv.
597 1379 653 1412 111,
675 1384 703 1412 8,
726 1385 744 1407 e
764 1384 830 1408 alit.

125 1428 155 1465 2)
180 1429 226 1458 Cf.
250 1429 324 1456 alter
344 1429 502 1457 scholiasta
522 1428 556 1456 a'd
578 1428 644 1456 Juv.
668 1428 688 1456 1.
713 1428 733 1456 l.
757 1427 874 1464 (Heinr.
897 1436 925 1463 p.
945 1426 1029 1461 180:
1058 1432 1119 1454 »aut
1139 1429 1176 1454 ob
1196 1434 1332 1461 aquarum
1347 1426 1551 1454 abundantiam
1572 1426 1646 1453 dicit
1673 1426 1816 1460 »gelida«,

160 1479 230 1515 quia
251 1479 363 1514 omnia,
395 1488 468 1515 quae
497 1479 528 1507 in
558 1480 658 1507 urbem
683 1478 752 1506 inde
773 1477 912 1511 veniunt,
942 1477 996 1505 alit
1025 1476 1202 1513 srigorosat.
1244 1477 1282 1505 Et
1303 1476 1417 1504 moenia
1442 1476 1585 1504 cuniculis
1612 1476 1756 1512 perforata
1777 1485 1815 1502 ex

160 1534 243 1565 parte
265 1530 384 1563 quidem
397 1530 437 1556 ita
451 1529 610 1556 constituta
630 1537 706 1562 esse,
725 1534 757 1556 ut
770 1538 844 1564 aqua
856 1529 924 1555 inde
937 1528 1089 1562 deflueret,
1112 1534 1160 1557 aut
1177 1528 1221 1557 ibi
1241 1528 1443 1564 colligeretur,
1465 1533 1531 1557 test.
1548 1527 1652 1556 Strabo
1666 1527 1704 1561 Y,
1717 1527 1746 1560 3,
1763 1526 1813 1555 10:

166 1582 245 1615 ταῖς
267 1577 323 1620 μὲν
345 1577 458 1622 ὑδρίας
480 1577 593 1621 χάριν.

123 1630 152 1667 3)
173 1632 280 1660 Suetou
303 1634 406 1660 Octav.
427 1633 466 1662 72
488 1633 522 1660 cf.
546 1633 595 1662 82.

122 1678 151 1717 4)
171 1682 252 1709 Hauc
271 1682 408 1715 Biondii,
431 1681 547 1709 Suares.
572 1688 601 1709 et
622 1683 746 1710 Ceccon.
769 1681 942 1710 sententiam
964 1682 1075 1710 refellit
1097 1680 1264 1718 Capmartiu
1283 1681 1303 1709 1.
1326 1681 1347 1710 1.
1370 1681 1411 1715 11,
1432 1679 1491 1710 268
1510 1685 1537 1708 et
1557 1679 1675 1716 passim.

123 1729 151 1766 ⁵)
173 1731 221 1760 od.
245 1732 300 1765 ΙΙΙ,
323 1731 350 1765 4,
372 1732 421 1761 23.
444 1741 490 1768 ep.
512 1732 536 1765 Ι,
558 1732 587 1765 2,
610 1732 637 1761 2.
658 1745 698 1753 —
721 1731 748 1768 ⁶)
767 1733 873 1761 Florus
894 1733 919 1766 1,
944 1733 990 1766 ll,
1013 1732 1042 1761 7.

125 1778 153 1815 ⁷)
173 1781 308 1822 Juvenal.
338 1782 425 1814 XIV,
452 1781 501 1814 86,
523 1782 559 1809 cs.
581 1782 662 1811 Plin.
690 1783 730 1811 V.
762 1792 810 1819 ep.
831 1784 859 1812 6.
904 1782 1095 1819 Symmachus
1125 1781 1188 1811 VII
1208 1790 1256 1819 ep.
1275 1780 1325 1812 35.
1346 1781 1408 1815 ΙΙΙ,
1435 1781 1483 1811 50.
1525 1780 1629 1809 Heinr.
1652 1778 1688 1806 ad
1707 1777 1811 1806 Juven-

161 1831 254 1860 schol.
274 1841 304 1868 p.
325 1830 394 1860 480.

123 1878 152 1916 8)
174 1882 219 1910 cf.
241 1890 315 1916 quae
331 1882 383 1909 hac
395 1882 431 1909 de
444 1890 476 1910 re
491 1881 567 1909 infra
580 1881 784 1910 narrabuntur.
826 1881 1019 1917 Argumentis
1038 1880 1131 1909 firmis
1153 1890 1274 1918 prorsus
1294 1886 1373 1909 caret
1389 1888 1488 1908 eorum
1509 1879 1623 1916 opinio,
1646 1878 1696 1913 qui
1721 1880 1813 1906 Anto-

161 1930 225 1958 nini
247 1931 336 1958 villae
356 1940 455 1966 praen.
498 1932 568 1968 (Iul.
589 1931 686 1967 Capit.
708 1931 750 1959 M.
772 1931 878 1959 Anton.
900 1932 974 1967 phil.
997 1930 1064 1966 21.)
1085 1931 1228 1966 reliquias
1249 1931 1286 1959 ad
1306 1932 1416 1965 urbem,
1439 1939 1511 1965 quae
1529 1930 1619 1957 hodie
1639 1930 1813 1957 Genazzano

158 1986 290 2013 vocatur,
313 1980 444 2009 inventas
465 1986 648 2010 censuerunt.
690 1981 843 2017 Westphal
864 1981 884 2009 l.
904 1981 924 2008 l.
940 1990 969 2017 p.
989 1981 1056 2009 105.

126 2027 153 2063 ⁹)
172 2029 336 2066 Symmach.
365 2039 413 2066 ep.
435 2032 475 2064 X,
498 2032 516 2060 4
546 2031 678 2066 loquitur
700 2030 736 2058 de
770 2031 957 2059 »Caesariana
975 2030 1193 2067 possessionen
1228 2030 1272 2058 Cf.
1293 2029 1459 2066 Capmartin
1474 2029 1527 2059 l.l.
1547 2029 1588 2063 11,
1611 2027 1679 2057 325.
1703 2028 1814 2056 Yillam

161 2079 302 2114 privatam
323 2079 421 2115 gentis
442 2081 584 2109 Claudiae
604 2082 765 2109 Praeneste
786 2080 889 2114 fuisse,
909 2080 1027 2107 Petrini
1048 2080 1127 2116 (ann.
1142 2081 1170 2110 4.
1186 2091 1215 2116 p.
1234 2081 1303 2110 Chr.
1326 2079 1369 2114 n.)
1390 2080 1480 2108 certis
1501 2078 1678 2115 argumentis
1701 2078 1814 2105 firmare

161 2137 219 2155 non
240 2129 354 2164 potuit.

126 2173 170 2212 ¹⁰)
198 2176 303 2205 Strabo
331 2180 371 2213 V,
399 2180 435 2214 3,
466 2181 513 2209 10.
563 2182 612 2210 W.
635 2181 703 2209 Geli
738 2182 785 2215 11,
817 2181 883 2210 181.
913 2194 953 2202 -·
989 2177 1032 2216 ¹¹)
1061 2180 1229 2216 Capmartin
1250 2181 1272 2209 1.
1296 2181 1316 2208 l.
1338 2180 1386 2215 11,
1408 2179 1477 2210 305.
1520 2180 1566 2209 W.
1589 2178 1656 2206 Gell
1682 2176 1722 2210 11,
1749 2176 1813 2206 130.

163 2225 269 2256 Strabo
290 2227 310 2257 l.
331 2228 351 2257 l.
