2208 2709
1160 45 1204 82 14

308 169 494 196 maverunt.
538 163 621 194 Nam
637 174 828 196 nsororumu
850 165 1185 196 commemorationem
1208 164 1295 194 nihil
1311 164 1349 195 ad
1367 167 1611 197 sustentandam
1635 176 1701 198 eam
1723 165 1918 196 sententiam
1934 163 2048 196 valere

309 230 402 250 nemo
424 219 519 250 hodie
543 221 698 261 negabit3
723 221 835 261 templi
862 224 1082 259 monumenta,
1104 230 1184 261 quae
1206 225 1345 260 exstant,
1374 221 1483 251 omnia
1508 221 1546 252 ad
1570 232 1669 254 unum
1698 221 1868 254 Sullanum
1891 220 2047 262 templum
2073 230 2107 259 ,⁴

308 277 474 308 Fortunae
499 278 666 308 referenda
692 289 760 308 esse
783 278 844 308 vix
869 278 1041 319 qnisquam
1068 278 1286 316 intitiabitur3
1318 278 1517 318 scriptorum
1543 277 1610 309 loci
1636 279 1722 310 nulli
1749 283 1886 321 possunt
1918 278 2046 310 laudari

309 339 440 374 praeter
463 335 532 366 Cic.
558 334 594 365 de
617 334 724 366 divin.
750 334 798 375 II,
823 337 877 375 41,
900 336 959 376 qui
982 342 1037 367 aut
1060 335 1146 367 nihil
1163 335 1351 376 comprobat
1370 340 1424 366 aut
1441 335 1502 366 hoc
1517 346 1636 367 unum:
1661 335 1763 367 fuisse
1778 335 1950 368 Ciceronis
1964 340 2044 366 tem-

309 392 444 431 poribus
465 402 562 422 nnum
587 392 756 432 templum,
783 393 977 432 Sullanum,
1010 398 1041 424 et
1069 398 1235 434 praeterea
1261 393 1386 424 'flocum
1409 392 1564 432 religiose
1595 398 1721 433 septum
1748 398 1883 432 propter
1908 397 2046 424 statuam

310 448 401 478 lovis
425 449 550 487 meria,
572 459 635 489 qua
659 450 697 480 de
726 460 760 481 re
796 451 837 483 cf.
863 451 1040 482 Caninam:
1073 451 1287 481 architettura
1318 461 1411 491 greca
1435 449 1469 480 ΙΙ
1489 460 1518 490 p.
1543 450 1634 490 341).
1678 450 1828 491 Denique
1856 450 2045 489 opinionem

308 514 435 542 eornm,
461 505 519 544 qui
547 510 621 536 ante
647 506 773 538 Sullam
800 507 956 549 templum
989 508 1154 538 Fortunae
1182 508 1316 538 omnino
1350 507 1477 538 nullum
1500 507 1649 538 extitisse
1673 507 1827 538 arbitrati
1849 509 1946 545 sunt,
1976 511 2043 537 tota

307 560 595 594 Praenestinorum
622 574 722 605 usqne
744 565 782 596 ad
813 565 940 596 Sullam
965 565 1105 596 historia
1127 564 1252 596 refellit
1266 567 1304 604 2).

434 619 561 651 Natura
586 620 678 661 loci,
713 622 798 653 situs
832 622 924 653 urhis
948 632 1015 652 eam
1040 622 1185 653 reddidit
1207 621 1262 652 vel
1286 632 1344 662 per
1365 632 1399 653 se
1423 621 1676 652 munitissimam
1693 644 1703 660 ‚
1737 621 1783 652 ita
1806 626 1842 652 ut
1864 621 1963 652 arinis
1987 629 2042 651 ex-

306 676 442 715 pugnari
469 687 565 716 paene
590 688 654 708 non
676 684 794 718 posset.
844 679 962 710 Strabo
977 680 1006 719 3)
1028 679 1203 710 Praeneste
1218 702 1226 718 ‚
1250 679 1335 719 quod
1358 684 1444 709 certe
1459 679 1528 719 ipse
1550 679 1678 719 saepius
1694 677 1797 717 vidit,
1820 676 1924 708 multo
1947 677 2043 708 etiam

307 733 408 773 magis
437 738 551 765 natura
576 736 738 768 munitum
760 736 863 768 fuisse
889 737 1071 777 contendit,
1091 748 1186 778 quain
1209 737 1317 768 Tibur
1339 736 1499 768 vicinum.
1548 735 1662 778 Itaque
1692 735 1821 777 saepius
1844 735 1976 775 evenit,
2006 738 2044 766 ut

307 790 515 822 Praenestini
540 793 663 824 bellum
686 799 837 834 gererent
861 804 932 824 cum
956 795 1105 825 hostibus
1130 794 1233 825 multo
1255 794 1500 834 validioribus,
1527 805 1624 835 quum
1647 794 1712 835 ipsi
1737 794 1803 825 tuti
1827 797 1933 824 essent
1956 793 2043 823 intra

307 850 432 880 moenia
463 850 565 884 urbis.
611 850 695 882 Nam
717 855 884 893 praeterea
915 856 946 883 et
971 856 1041 884 arte
1065 852 1144 884 urbs
1169 852 1390 884 munitissima
1414 852 1541 884 reddita
1566 857 1626 884 est.
1673 851 1805 884 Moenia
1829 850 1989 882 altissima
2012 853 2044 880 et

306 908 493 938 firmissima
518 909 663 948 undique
688 910 897 946 circumjecta
919 910 1061 942 occultis
1084 910 1249 940 cuniculis
1272 915 1363 941 erant
1384 910 1547 950 perforata
1570 910 1742 940 maximam
1765 914 1890 949 partem
1906 908 1945 938 ad
1969 917 2042 937 eru-

307 965 434 1005 ptiones
449 965 614 997 faciendas
629 976 668 997 ex
686 965 815 998 obsessa
838 966 917 998 urhe
941 966 1124 1008 auxiliique
1150 967 1394 999 intromittendi
1417 978 1510 998 causa
1522 967 1560 1008 4).
1607 967 1680 1007 Quo
1702 966 1822 998 factum
1846 970 1906 1005 est,
1929 969 1966 996 ut
1986 963 2043 1005 qui

306 1022 424 1053 Romae
451 1034 503 1054 res
535 1034 640 1054 novas
668 1024 792 1055 frustra
824 1024 934 1055 moliti
966 1030 1094 1064 essent,
1128 1024 1304 1056 Praeneste
1336 1035 1369 1055 se
1400 1024 1598 1056 conferrent.
1647 1023 1765 1055 Strabo
1792 1023 1814 1054 l.
1840 1023 1862 1053 l.
1898 1021 2043 1053 dilucide

308 1080 495 1121 φεύγοι-σιν,
518 1082 637 1122 inquit,
660 1081 762 1113 ἐκεῖσε
786 1084 817 1113 οἱ
836 1082 1109 1127 νεωτερίσαντεςς
1132 1082 1242 1124 itaque
1267 1082 1302 1113 in
1326 1081 1424 1113 bellis
1449 1081 1611 1113 civilibus
1636 1081 1811 1113 Praeneste
1827 1080 1894 1112 fere
1917 1089 2044 1120 semper

307 1138 388 1168 belli
412 1140 502 1169 sedes
525 1145 593 1170 erat
617 1139 754 1170 illorum
778 1139 1008 1179 Romanorum,
1032 1140 1091 1181 qui
1114 1144 1228 1171 contra
1243 1140 1453 1179 magistratus
1475 1140 1594 1171 Romae
1617 1139 1682 1170 rite
1705 1143 1843 1177 creatos,
1866 1137 1922 1169 vel
1937 1147 2043 1168 armo-

307 1204 378 1225 rnm
402 1196 439 1225 vi
465 1197 662 1227 constitutos
685 1196 861 1228 tumultum
885 1198 1068 1229 excitarent
1083 1197 1121 1237 ⁵).
1169 1197 1239 1237 Qua
1263 1207 1298 1228 re
1319 1196 1472 1238 oppidum
1495 1196 1658 1228 bellorum
1673 1194 1912 1228 calamitatibus
1935 1199 2043 1225 tanto-

307 1262 384 1292 pere
408 1253 566 1284 afssictum
591 1259 652 1293 est,
679 1260 716 1285 ut
738 1255 795 1295 qui
819 1255 897 1286 aliis
919 1256 1058 1287 urbibus
1081 1255 1225 1287 utilitati
1256 1260 1340 1286 esset
1369 1256 1453 1287 situs
1482 1260 1598 1287 natura
1633 1259 1764 1295 arteque
1795 1253 1875 1284 hene
1898 1252 2043 1284 munitus

308 1308 533 1340 Praenestinis
556 1320 698 1342 summae
722 1311 874 1342 extiterit
893 1312 1083 1345 calamitati.

351 1426 375 1459 1)
397 1426 524 1452 Caninae
545 1426 718 1450 sententiam
739 1427 915 1460 saepissime
934 1429 1053 1451 deorum
1073 1432 1183 1451 statuas
1209 1429 1277 1450 sub
1306 1426 1401 1451 divo
1422 1426 1544 1451 statutas
1566 1423 1658 1451 fuisse
1679 1425 1848 1460 comprobat
1867 1424 1900 1452 C.
1915 1425 1948 1454 F.
1970 1425 2044 1452 Her-

383 1483 484 1501 mann:
508 1470 567 1503 zie
589 1470 856 1510 ⁸gn)pistbmttenmct
876 1474 924 1502 bez
944 1471 1138 1509 QIttettbumss.
1181 1468 1343 1511 6561τὶ119οη
1367 1473 1442 1502 1844
1461 1483 1490 1509 p.
1516 1473 1561 1502 12.

349 1524 374 1561 ²)
395 1526 453 1552 Iam
465 1509 603 1551 ffircher
626 1524 690 1551 Lat.
711 1523 748 1551 P.
770 1524 826 1557 111,
845 1524 863 1552 3
882 1523 1010 1558 judicat:
1040 1522 1184 1551 vetustius
1212 1523 1344 1550 fortunae
1366 1524 1503 1560 templum
1526 1523 1593 1560 ipso
1621 1522 1703 1550 Sulla
1731 1522 1823 1551 fuisse
1851 1522 2044 1553 certissimum

385 1582 440 1603 est.
462 1588 501 1595 —
521 1574 600 1601 Male
621 1574 724 1609 Nibby
745 1574 766 1601 l.
783 1574 804 1601 l.
828 1584 857 1609 p.
880 1574 939 1602 288
964 1574 1109 1601 vetustius
1132 1574 1268 1610 templum
1289 1574 1395 1601 altiore
1416 1575 1481 1601 loco
1501 1583 1585 1608 quam
1598 1573 1746 1601 Sullanum
1763 1574 1851 1601 situm
1869 1573 1962 1601 fuisse
1976 1584 2045 1602 con-

386 1624 499 1656 tendit3
522 1624 554 1650 id
576 1624 653 1650 enim
675 1623 916 1659 comprobatione
938 1632 1059 1659 prorsus
1081 1629 1170 1652 caret.
1202 1624 1247 1650 Cf.
1272 1623 1342 1651 Chr.
1365 1624 1473 1651 Miiller
1493 1623 1514 1652 l.
1529 1624 1549 1650 l.
1565 1624 1589 1656 1,
1609 1623 1678 1652 387.
1721 1623 1814 1650 Unum
1836 1629 2044 1657 argumentum,

387 1673 465 1708 quod
480 1663 583 1709 Ni'bby
597 1673 640 1709 (p.
653 1672 726 1708 292)
739 1682 777 1701 ex
791 1673 866 1707 loco,
889 1682 946 1707 quo
962 1673 1133 1701 lithostrota
1147 1673 1199 1701 illa
1214 1679 1329 1709 reperta
1344 1678 1421 1707 sunt,
1444 1672 1505 1701 sibi
1521 1672 1681 1710 expetivit,
1705 1671 1781 1700 infra
1794 1673 1954 1703 refelletur.

350 1720 378 1757 3)
400 1724 438 1756 V,
458 1724 486 1755 3,
513 1725 556 1752 ll.

351 1769 379 1806 4)
402 1771 507 1799 Strabo
536 1773 556 1801 l.
588 1773 608 1801 l.
640 1773 800 1802 Cuniculos
828 1782 868 1801 ex
897 1778 980 1809 parte
1007 1772 1102 1800 adhuc
1128 1777 1246 1800 exstare
1277 1772 1367 1800 refert
1396 1771 1564 1809 Capmartin
1595 1772 1615 1801 l.
1639 1772 1659 1800 l.
1689 1780 1718 1808 p.
1745 1770 1820 1804 307,
1848 1770 1950 1808 Nibby
1978 1772 1998 1801 l.
2022 1773 2040 1802 l.

389 1832 418 1858 p.
442 1822 501 1850 302
521 1823 586 1851 atii.

354 1871 381 1906 5)
402 1872 437 1899 cf.
461 1871 524 1898 Cic.
550 1872 579 1899 in
602 1872 691 1900 Catil.
712 1874 736 1905 1,
758 1873 788 1901 3.
832 1872 913 1900 Vell.
937 1872 1053 1900 Patere.
1078 1872 1119 1904 11,
1140 1871 1191 1900 74.
1213 1871 1261 1900 26.
1285 1870 1370 1900 alios.
