2208 2709
768 152 1485 241 THESES.

1096 369 1148 411 I·

409 433 551 473 Lectio
588 434 697 473 codd.
732 448 791 485 ap.
820 435 913 473 Liv.
943 436 1012 483 VI,
1043 436 1113 483 30,
1140 436 1163 474 9
1190 434 1268 482 (ed.
1299 437 1465 481 Drak.):
1502 436 1680 485 „Eodem
1717 432 1824 477 anno'
1860 440 1984 479 etiam

255 498 353 550 ipsis
384 499 667 549 querentibus“
694 514 770 539 non
799 513 959 551 prorsus
984 500 1155 539 absurda
1176 508 1249 548 est,
1277 508 1321 539 ut
1347 501 1583 552 interpretes
1612 513 1785 542 censent.

1081 591 1165 633 11.

407 657 539 695 Verba
566 671 624 707 ap.
656 660 747 698 Tac.
778 658 916 697 Germ.
943 659 1012 697 26:
1046 672 1173 706 „arva
1198 673 1269 708 per
1296 671 1416 697 annos
1444 660 1629 698 mutant“
1660 660 1717 698 ita
1747 662 1981 711 explicanda

254 730 369 770 sunt,
396 731 440 761 ut
467 722 692 763 Germanos
721 737 768 761 ex
784 723 913 762 Taciti
949 725 1146 762 sententia
1169 724 1255 762 sede
1274 736 1346 774 per
1370 737 1484 762 annos
1508 732 1651 763 mutata
1682 738 1777 764 arva
1804 736 1981 766 mutasse

254 787 567 827 existimandum
593 788 655 827 sit.

1063 865 1182 907 111.

405 929 632 981 Rejicienda
661 938 720 968 est
748 930 967 979 sententia,
1005 932 1190 971 Tacitum
1217 932 1258 969 in
1288 930 1428 970 Germ.
1457 938 1628 969 aetatem
1657 933 1869 980 quamdam
1893 933 1980 971 bar-

252 994 402 1043 bariae,
428 1010 504 1033 non
527 998 714 1045 populum
730 996 941 1044 quemdam
966 997 1180 1036 barbarum
1198 997 1464 1045 descripsisse.
1517 995 1697 1044 (Guizot.
1717 1019 1763 1025 —-
1784 999 1976 1036 Academ.

252 1059 375 1100 franc.
405 1073 493 1099 ann.
526 1061 644 1101 1838:
674 1060 810 1100 Tacite
833 1061 941 1111 peint
970 1070 1135 1101 souvent
1154 1061 1283 1100 moins
1310 1075 1361 1099 un
1390 1062 1530 1110 peuple
1557 1059 1736 1110 barbare,
1767 1067 1881 1111 qu'un
1908 1065 1979 1115 age

253 1124 299 1162 de
326 1127 364 1162 la
391 1125 605 1171 barbarie).

1066 1202 1166 1245 IV.

406 1271 553 1310 Caesar
567 1285 644 1310 non
661 1273 773 1321 plane
788 1272 999 1322 perspexit,
1017 1283 1091 1320 qua
1109 1285 1152 1308 re
1175 1271 1370 1327 Germ-ani
1389 1280 1427 1309 et
1450 1271 1559 1311 Galli
1579 1272 1684 1308 inter
1704 1285 1744 1309 se
1763 1271 1978 1310 differrent.

1078 1360 1147 1402 V.

404 1427 559 1478 Religio
593 1426 813 1464 christiana
850 1434 888 1463 et
924 1425 1222 1464 Germanorum
1263 1424 1306 1461 de
1346 1424 1538 1461 servitute
1577 1424 1676 1461 reali
1706 1425 1980 1463 institutiones

253 1491 504 1531 Graecorum
531 1499 570 1528 et
598 1492 867 1529 Romanorum
894 1489 1132 1527 servitutem
1158 1489 1403 1537 personalem
1431 1488 1687 1526 sustulerunt,

1062 1577 1163 1621 VI.

410 1647 589 1686 Servitus
610 1648 852 1696 personalis,
879 1654 1070 1695 quatenus
1097 1645 1282 1684 continua
1311 1645 1517 1693 cujusdam
1552 1645 1593 1682 in
1632 1646 1796 1683 civitate
1827 1645 1977 1683 ordinis

251 1711 430 1752 condicio
455 1720 564 1759 erat,
591 1711 668 1749 fine
694 1724 795 1750 saec.
826 1712 882 1750 XI
909 1711 951 1748 in
979 1710 1176 1749 occidenti
1204 1711 1383 1758 Europae
1410 1717 1522 1760 parte
1550 1709 1681 1748 desiit.

1043 1799 1180 1842 vll.

404 1872 485 1909 Non
511 1870 709 1920 probanda
736 1878 795 1908 est
822 1869 1061 1920 Meidingeri
1090 1868 1138 1906 de
1165 1867 1374 1907 Celtarum
1401 1870 1556 1920 origine
1574 1870 1771 1908 sententia
1800 1870 1869 1916 (bie
1887 1872 1978 1909 beat·

249 1938 336 1986 feben
355 1934 598 1983 fflostsssidmme
614 1936 838 1983 geographis&
858 1939 923 1973 unt>
937 1934 1146 1983 geschichtlich
1160 1934 1341 1981 beteudytet.
1367 1934 1494 1972 Frkft.
1507 1946 1539 1972 a.
1550 1935 1602 1971 M.
1619 1934 1714 1974 1838
1726 1948 1761 1983 p.
1780 1936 1851 1973 107
1867 1948 1903 1984 q.
1917 1937 1977 1979 s.).

1026 2023 1199 2067 VIII.

402 2093 618 2132 Hiberniae
646 2093 752 2131 salus
779 2093 821 2130 in
848 2092 1069 2132 revocanda
1097 2093 1242 2132 unione
1271 2105 1365 2131 cum
1400 2078 1607 2131 Britannia
1641 2093 1736 2140 (act,
1764 2092 1863 2142 parl.
1895 2093 1911 2129 l
1942 2100 1980 2129 et

251 2158 304 2211 22
325 2158 413 2199 Jan·
441 2158 558 2206 1801)
589 2157 766 2209 ponenda
792 2166 863 2198 est.

862 2270 1366 2298 ψ
