2208 2709
954 24 978 63 9

101 151 229 184 clar-ant
248 150 365 183 Itiner.
379 149 517 187 Anton.‚
540 145 605 178 tab.
628 145 832 188 Peutinger„
855 146 1047 188 scriptores.
1086 145 1156 179 Cur
1182 143 1304 178 Florus
1326 144 1372 187 (Ι,
1386 146 1441 186 18)
1462 151 1494 178 et
1515 145 1695 187 Eutropius
1719 145 1782 186 (ΙΙ,
1795 148 1831 184 7)

100 208 269 251 paululum
297 205 494 240 dissentiant
526 207 614 235 recte
651 203 834 244 explicavit
864 203 1026 237 Niebuhr.
1057 203 1080 237 l.
1102 203 1125 236 l.
1150 203 1217 244 ΙΙΙ,
1243 205 1317 238 581.
1363 203 1480 245 Neque
1507 203 1832 243 praetermittendum

98 265 247 305 videtur,
269 263 355 305 quod
377 261 518 301 Strabo,
539 261 597 302 qui
618 259 701 290 haud
725 260 849 291 leviter
872 260 952 291 talia
973 260 1258 301 perscrutabatur,
1281 260 1389 292 millia
1411 260 1540 301 viginti
1564 260 1707 301 quinque
1728 260 1833 292 fuisse

99 320 269 353 contendit
284 320 321 359 1).
367 317 432 350 Sed
464 317 499 349 id
522 317 649 357 ipsum,
677 316 764 356 quod
786 317 868 348 satis
887 321 979 347 caute
1001 316 1083 348 talia
1103 317 1253 358 profert,
1286 317 1504 349 dissensionis
1534 327 1664 348 causam
1696 315 1830 347 indicat.

99 378 184 409 Nam
206 375 329 417 reliqui
351 375 530 415 scriptores
554 383 664 404 omnes
687 383 704 404 a
723 378 817 414 porta
837 372 1011 414 Esquilina
1032 375 1138 406 mensi
1162 384 1232 406 esse
1250 374 1429 413 videntur3
1454 374 1573 405 Strabo
1590 377 1680 404 recte
1696 372 1833 403 initium

54 451 55 454 =
102 434 180 466 fecit
203 442 222 464 a
245 431 408 464 milliario
421 439 531 470 aureo,
555 430 641 472 quod
661 430 697 462 in
722 430 828 471 capite
839 430 906 461 fori
924 429 1063 461 Romani
1082 435 1241 463 statutum
1257 436 1326 463 erat
1338 433 1376 471 ²).
1422 431 1516 462 Inter
1530 432 1665 463 Romam
1680 435 1712 461 et
1730 430 1830 460 Prae-

50 487 61 511 ·‘
98 495 188 522 neste
209 495 280 522 erat
300 491 358 521 via
379 488 592 521 Praenestina
622 497 682 529 per
702 486 825 519 Gabios
847 487 962 529 ducta,
994 487 1080 530 quod
1107 489 1262 531 oppidum
1292 488 1397 521 media
1431 488 1500 520 iere
1531 488 1588 520 via
1611 486 1830 519 Praenestina

96 547 239 590 positum
260 551 331 582 erat
340 545 380 587 ³).
425 545 470 577 Ea
491 554 567 587 pars
579 546 656 577 viae
675 545 912 587 praenestinae,
934 556 1014 587 quae
1027 545 1129 578 Roma
1146 546 1268 579 Gabios
1286 547 1380 578 ducta
1402 551 1483 587 erat,
1511 547 1609 577 etiam
1625 546 1683 577 via
1700 544 1828 576 Gabina

97 605 326 638 nominabatur
339 604 379 644 4).
426 602 566 634 Initium
583 603 670 645 cepit
689 602 766 634 haec
780 603 836 635 via
852 603 952 635 Roma
969 614 987 635 a
1003 607 1098 645 porta
1120 603 1307 647 Esquilina,
1334 605 1381 636 ita
1402 609 1439 636 ut
1462 603 1520 636 via
1541 603 1659 635 Latina
1682 603 1718 634 in
1741 601 1826 633 sini-

52 660 73 705 'a
96 667 199 694 strum
222 665 255 693 et
276 660 335 692 via
365 659 530 691 Collatina
549 661 698 701 proxima
720 661 754 692 in
779 666 925 693 austrum
948 667 1032 693 esset
1042 663 1081 702 ⁵).

223 734 314 775 Ager
337 733 626 766 Praenestinorum
654 740 749 776 atque
778 734 933 777 oppidum
959 735 1066 776 ipsum
1090 733 1258 775 paululum
1281 735 1418 766 recessit
1440 734 1475 765 in
1496 735 1575 765 fines
1600 734 1825 764 Hernicorum

95 796 127 822 et
149 792 350 832 Aequorum,
375 801 437 832 qua
459 802 495 823 re
517 791 638 823 factum
660 802 729 823 esse
753 793 900 831 videtur,
922 797 959 823 ut
981 793 1108 833 saepius
1131 803 1193 823 una
1215 803 1288 823 cum
1309 792 1362 823 his
1377 791 1507 833 populis
1523 796 1636 822 contra
1662 790 1824 820 Romano-

93 858 167 879 rum
186 847 361 889 imperium
383 848 624 889 pugnaverint3
649 853 815 889 praeterea
834 849 997 889 imprimis
1017 849 1157 889 Tiburi,
1189 848 1344 887 Tusculo,
1372 848 1481 888 Pedo,
1513 848 1650 886 Gabiis,
1679 845 1825 877 Velitris

40 893 44 898 ¹
93 904 184 936 Latii
205 905 335 946 oppidis
357 909 389 936 et
414 905 584 946 Anagniae
606 905 826 936 Hernicorum
838 904 1013 937 Praeneste
1037 905 1187 937 vicinum
1211 910 1293 945 erat,
1317 910 1349 936 et
1374 916 1446 936 cum
1472 905 1524 935 his
1541 914 1667 946 quoque
1691 901 1824 943 populis

93 961 302 993 Praenestini
326 962 364 993 ad
387 962 473 993 bella
495 963 633 1003 gerenda
649 973 742 1004 saepe
762 963 932 995 coniuncti
954 967 1056 994 erant.
1100 963 1228 1004 Agrum
1243 962 1544 1001 Praenestinorum⁷
1565 966 1723 1002 quatenus
1744 968 1823 990 ver-

35 1026 37 1029 ’
92 1027 147 1049 sus
162 1017 310 1050 Albanos
328 1024 453 1050 montes
469 1020 553 1050 situs
572 1024 654 1060 erat,
679 1020 920 1061 antiquissimis
942 1020 1143 1061 temporibus
1165 1021 1254 1061 ignis
1275 1020 1481 1052 subterranei
1503 1018 1731 1060 eruptionibus
1750 1022 1823 1047 ten-

91 1079 195 1106 tatum
217 1074 332 1114 fuisse,
355 1087 420 1108 non
445 1081 494 1108 est
506 1087 566 1108 cur
580 1076 715 1108 dubium
738 1077 953 1110 existimetur.
999 1077 1081 1110 Fere
1100 1082 1203 1109 totum
1223 1077 1356 1109 Latium
1371 1077 1452 1109 hanc
1475 1077 1645 1108 ostendere
1664 1074 1729 1105 soli
1745 1083 1824 1104 con-

31 1173 34 1176 ·
91 1130 255 1164 dicionem
279 1133 344 1164 iam
367 1133 532 1166 Miillerus
554 1133 577 1164 l.
598 1133 622 1164 l.
650 1133 678 1174 Ι,
705 1145 736 1176 p.
761 1136 782 1167 3
805 1135 993 1174 contendit;
1017 1145 1133 1167 verum
1157 1140 1244 1166 recte
1266 1135 1409 1176 singulis
1424 1135 1565 1176 oppidis,
1590 1133 1709 1174 quibus
1731 1129 1824 1161 illam

33 1185 36 1190 '
92 1189 287 1220 sententiam
305 1191 505 1231 comprobat,
525 1191 701 1223 Praeneste
722 1203 788 1223 non
811 1192 1061 1229 adnumeravit;
1091 1203 1164 1224 nam
1185 1203 1298 1232 mons,
1330 1192 1369 1224 ad
1402 1203 1501 1234 quem
1522 1192 1699 1222 Praeneste
1723 1188 1824 1218 situm

92 1250 174 1285 erat,
199 1255 275 1286 pars
300 1252 347 1278 est
363 1248 484 1279 montis
505 1248 688 1289 Apennini,
711 1249 769 1290 qui
793 1249 881 1289 ignis
905 1248 1134 1291 eruptionibus
1157 1259 1294 1291 prorsus
1315 1255 1417 1290 caret,
1441 1249 1525 1280 unde
1547 1248 1668 1278 factum
1690 1249 1760 1283 est,
1787 1248 1825 1274 ut

34 1325 36 1327 -
91 1302 240 1341 proxima
264 1303 352 1334 circa
377 1305 531 1346 oppidum
559 1307 652 1346 regio
681 1317 747 1337 non
770 1307 924 1339 eximiam
945 1312 1053 1338 terrae
1075 1306 1269 1339 vulcanicae
1293 1307 1523 1341 fertilitatem,
1553 1303 1609 1335 sed
1637 1303 1767 1334 tristem
1792 1304 1825 1331 et

41 1376 51 1399 t
91 1357 239 1388 sterilem
261 1360 406 1388 indolem
423 1350 590 1397 exhibeat,
615 1361 723 1399 qualis
745 1362 947 1394 describitur
975 1362 1058 1404 apud
1088 1362 1247 1394 Tournon
1270 1361 1327 1394 l.l.
1352 1362 1382 1402 I⁷
1407 1372 1438 1402 p.
1462 1361 1505 1394 98
1520 1361 1547 1400 ⁶)
1570 1370 1599 1401 q.
1622 1371 1707 1401 seq.,
1729 1368 1824 1400 quam

37 1427 47 1455 Ξ

134 1501 159 1537 ¹)
178 1501 283 1530 Strabo
303 1502 343 1536 V,
364 1502 392 1536 3,
415 1502 461 1532 10.
501 1503 549 1530 De
570 1500 711 1539 Eutropii
732 1506 762 1529 et
782 1500 937 1529 Strabonis
960 1501 1147 1530 dissensione
1168 1503 1205 1531 cs.
1227 1502 1328 1540 Nibby
1346 1503 1368 1532 l.
1390 1503 1411 1531 l.
1433 1503 1448 1531 1
1468 1512 1498 1539 p.
1519 1503 1588 1533 26³3.

135 1553 163 1591 2)
183 1555 264 1584 Plin.
287 1556 317 1584 h.
342 1564 371 1584 n.
393 1557 448 1588 111,
469 1556 498 1590 5,
520 1556 570 1585 66.
600 1556 681 1585 Plut.
703 1556 788 1583 Galb.
810 1555 864 1584 24:
885 1549 1027 1591 ἐβάδιζεν
1053 1553 1095 1589 εἰς
1118 1550 1254 1596 ἀγορὰν,
1279 1551 1317 1583 οὗ
1337 1554 1481 1597 xpi-croig-
1504 1553 1642 1589 εἱστήκει
1669 1552 1753 1589 κίων,
1779 1553 1820 1588 εἰς

176 1603 215 1637 ὃν
239 1607 275 1636 αἱ
292 1605 490 1647 τετμημέναι
512 1607 570 1643 τῆς
593 1605 739 1643 Ἰταλίας
761 1604 831 1636 ὁδοὶ
852 1606 964 1636 πᾶσαι
986 1605 1198 1637 τελευτῶσιν.
1250 1607 1374 1635 Milliar.
1389 1616 1450 1635 aur.
1474 1608 1509 1634 ab
1525 1608 1659 1642 Augusto
1672 1607 1820 1634 conditum

168 1658 231 1687 Dio
253 1658 335 1688 LIV.
357 1659 386 1688 8.
422 1660 487 1687 Nisi
510 1661 584 1688 sorte
606 1660 710 1689 Strabo
737 1660 813 1687 viam
833 1660 939 1689 Praen.
968 1661 1060 1688 Roma
1079 1669 1095 1688 a
1116 1665 1199 1697 porta
1219 1659 1378 1695 Esquilina
1400 1669 1492 1695 usque
1513 1661 1548 1688 ad
1571 1669 1690 1688 arcem
1711 1660 1817 1687 Praen.

168 1718 301 1737 emensus
323 1714 378 1738 est.
401 1709 444 1738 Cf.
467 1719 496 1746 p.
522 1711 567 1739 ll.
583 1719 611 1739 n.
634 1711 680 1739 11.

131 1757 160 1794 3)
182 1759 316 1803 Frontin.
340 1759 377 1786 de
398 1760 517 1794 equaed.
540 1762 594 1788 sub
611 1760 677 1789 init.
701 1760 806 1788 Strabo
825 1761 866 1794 V,
886 1760 915 1795 3,
938 1761 985 1790 10.
1023 1760 1116 1790 Dion.
1135 1759 1201 1789 Hal.
1225 1760 1280 1794 IV,
1301 1759 1370 1790 252.
1393 1759 1509 1797 Appian
1530 1761 1560 1789 b.
1583 1769 1607 1787 c.
1630 1759 1669 1793 V,
1690 1758 1739 1787 23.
1771 1757 1818 1786 De

167 1807 215 1836 via
225 1808 416 1835 Praenestina
431 1808 488 1835 alia
500 1809 642 1844 permulta
662 1809 865 1838 disseruerunt
879 1810 1018 1837 Tournon
1038 1810 1139 1837 etudes
1160 1810 1345 1844 statistiques
1365 1819 1416 1837 sur
1435 1811 1536 1839 Rome.
1559 1809 1644 1836 Paris
1669 1809 1754 1837 1531.
1778 1808 1817 1840 11,

170 1858 227 1887 160
247 1862 277 1885 et
304 1858 457 1894 Westphal
484 1858 504 1886 l.
526 1858 546 1887 1.
568 1868 597 1895 p.
618 1858 672 1892 78,
694 1868 723 1895 p.
737 1858 786 1893 98,
809 1869 840 1895 p.
866 1859 931 1888 106.
972 1859 1156 1895 Scriptorum
1181 1859 1262 1887 locos
1289 1859 1351 1887 vid.
1381 1868 1427 1896 ap.
1460 1858 1575 1887 Suares.
1604 1859 1635 1891 1,
1660 1858 1694 1886 19
1718 1867 1747 1893 p.
1768 1856 1816 1886 36.

168 1907 287 1935 Petrini
308 1908 446 1935 nonnulla
463 1908 575 1944 profert
596 1917 620 1936 s.
639 1917 663 1936 a.
688 1908 744 1937 195
764 1918 794 1945 p.
818 1909 887 1936 Chr.
910 1908 979 1943 quia
999 1908 1053 1936 illo
1071 1917 1145 1937 anuo
1167 1914 1284 1937 curator
1302 1908 1418 1944 quidam
1441 1908 1506 1936 viae
1526 1908 1632 1935 Praen.
1656 1906 1752 1935 xixit!

131 1955 160 1992 ⁴¹)
179 1957 247 1986 Liv.
271 1958 318 1991 11,
343 1959 389 1986 ll.
412 1958 468 1992 111,
489 1957 519 1987 6.
542 1958 658 1986 Gruter.
683 1958 771 1986 inser.
794 1967 824 1995 p.
846 1957 902 1986 150
921 1966 967 1987 nr.
988 1957 1017 1987 8.

131 2003 159 2040 ⁵)
180 2006 276 2034 Etiam
295 2006 326 2034 in
346 2008 400 2034 hac
419 2008 469 2035 via
489 2007 624 2044 sepulcra
648 2012 678 2035 et
698 2007 785 2035 villas
806 2007 1179 2044 exstruxerunt‚Romaui.
1221 2007 1269 2036 De
1298 2007 1496 2045 pulcherrima
1513 2006 1603 2041 villa,
1631 2015 1715 2042 quam
1743 2006 1820 2034 Gor-

168 2055 273 2084 dianus
294 2057 340 2085 111
359 2056 390 2085 in
410 2057 459 2085 via
479 2066 579 2095 praen.
600 2057 766 2092 exornavit,
782 2058 818 2087 cs.
830 2058 887 2086 Iul.
910 2057 1007 2094 Capit.
1027 2057 1171 2086 Gordiani
1183 2062 1242 2086 tres
1260 2057 1308 2087 32.
1343 2058 1391 2086 De
1410 2057 1541 2093 Virgine
1557 2065 1631 2092 aqua
1648 2057 1743 2084 fusius
1759 2057 1819 2084 dis-

169 2107 261 2135 seruit
279 2108 382 2145 Nibby
403 2108 424 2138 l.
445 2109 465 2136 l.
487 2109 502 2136 1
521 2119 552 2146 p.
575 2109 642 2139 228.

132 2151 161 2189 ⁶)
181 2154 225 2182 Le
243 2164 317 2192 pays
336 2163 442 2186 autour
460 2158 496 2186 de
521 2164 597 2186 cette
622 2159 696 2186 ville
717 2156 910 2194 (Palestrine)
932 2158 1038 2186 differe
1058 2158 1224 2187 totalement
1250 2157 1287 2185 de
1308 2157 1404 2192 celui,
1434 2167 1491 2193 qne
1510 2167 1583 2186 nous
1604 2166 1691 2186 avons
1719 2155 1820 2191 pri-ce'-

167 2204 311 2235 demment
331 2216 492 2245 parcouru:
516 2217 552 2237 au
573 2208 635 2237 lieu
655 2208 693 2236 de
713 2213 815 2245 pentes
836 2208 992 2242 adoucies,
1022 2208 1059 2236 de
1076 2217 1199 2245 croupes
1219 2207 1385 2241 abaisse'es,
1412 2217 1520 2235 comme
1546 2208 1633 2234 celles
1656 2205 1707 2232 des
1727 2210 1821 2232 monts

169 2253 281 2283 Cimini
301 2262 330 2286 et
350 2258 497 2293 Albanes,
517 2259 560 2287 les
579 2264 765 2295 montagnes‚
792 2259 844 2294 qui
864 2258 1011 2289 dominent
1031 2259 1209 2293 Palestrine,
1229 2263 1295 2287 sont
1314 2258 1449 2294 rapides,
1472 2257 1621 2290 rat-inees,
1642 2256 1820 2283 couronnees

1325 2312 1345 2342 2
