2208 2709
1160 32 1208 69 18

310 163 382 190 ctos
405 157 573 200 propalam
596 154 739 186 confessi
763 159 840 186 sunt
865 164 950 186 anno
976 155 1040 187 256
1067 163 1094 184 a.
1117 163 1148 183 u.
1173 162 1199 183 c.
1215 152 1250 191 ¹).
1297 150 1338 182 In
1360 149 1422 191 illo
1450 150 1551 184 Latii*
1574 154 1769 196 oppidorum
1789 156 1932 187 'numero
1956 154 2056 186 etiam

313 216 492 248 Praeneste
515 212 591 244 fuit.
637 213 763 244 Verum
787 210 998 242 Praenestini
1018 227 1061 234 -
1083 209 1158 240 sive
1191 209 1354 241 Romanos
1385 212 1452 241 tatu
1478 211 1680 253 propinquos
1712 212 1823 245 hostes
1851 217 1908 245 aut
1931 212 2055 253 regiam

315 274 363 304 ibi
384 271 606 304 renovandam
627 272 819 310 potestatem
839 268 1039 307 metuebant,
1063 267 1138 298 sive
1164 266 1250 298 Gaia
1275 266 1423 299 Caecilia
1439 269 1485 308 ²),
1509 277 1592 300 uxor
1613 270 1790 312 Tarquinii
1820 270 1951 308 Prisci,
1971 279 2055 312 quae

316 331 496 363 recentiore
519 328 612 370 fama
640 325 805 368 Tanaquil
837 327 1050 363 nominatur,
1079 325 1259 357 Praeneste
1281 325 1424 357 oriunda
1444 324 1514 367 suit
1544 330 1575 356 et
1606 326 1740 366 regibus
1763 327 1904 360 liberata
1932 326 2055 359 civitas

318 388 539 420 Caeciliorum
563 388 691 424 gentem
715 384 814 414 etiam
841 384 1022 424 Tarquinii
1045 383 1206 414 affinitate
1229 386 1396 423 potentem
1416 383 1551 414 timebat
1572 386 1616 408 -—'
1636 387 1809 424 postquam
1836 385 1974 417 Romani
1997 385 2055 415 Fi-

315 446 414 475 denas
441 445 716 483 oppugnaveruut
738 444 770 471 et
794 440 1023 472 Crustumeria
1046 443 1138 480 capta
1159 444 1266 478 emisa
1290 439 1422 471 Latinis
1443 439 1481 471 ad
1505 439 1667 472 Romanos
1688 440 1911 474 desciverunt.
1958 441 2054 481 Quod

317 503 373 534 ubi
397 501 544 532 auditum
565 504 634 539 est,
659 498 784 530 bellum
809 498 953 539 gliscens
979 498 1044 530 iam
1066 508 1124 539 per
1146 497 1396 538 aliquotvannos
1420 509 1484 529 non
1507 498 1595 530 ultra
1617 498 1756 530 dilatum
1776 504 1826 530 est
1837 499 1878 540 3).
2027 501 2030 504 ’

447 557 553 596 Atqui
576 557 635 586 hac
659 557 694 586 in
718 565 829 585 rerum
854 555 1063 586 enarratione
1086 559 1174 585 certe
1197 559 1355 594 quatenus
1381 556 1555 586 Praeneste
1578 560 1702 596 spectat
1723 556 1826 587 Livio
1854 556 1958 593 major
1978 556 2057 585 fides
2088 561 2092 565 '

317 616 461 648 habenda
488 619 556 654 est,
580 624 677 655 qnam
699 612 866 654 Dionysio
890 612 964 645 Hal.
992 612 1040 652 (V
1056 623 1086 653 p.
1112 613 1176 645 325
1200 623 1231 652 q.
1250 612 1353 653 seq.),
1377 623 1480 654 aquo
1504 612 1561 644 ille
1577 623 1769 654 magnopere
1787 613 1910 655 differt.
1956 612 2056 645 Prae-

316 674 461 704 uestinos
486 683 501 702 a
528 672 659 702 Latinis
681 671 721 701 ad
740 671 902 700 Romanos
928 670 1110 700 descivisse
1133 669 1318 709 Dionysius
1342 671 1475 701 omnino
1498 681 1562 701 non
1583 677 1823 711 commemorat,
1850 682 1930 711 quae
1950 675 2057 701 autem
2090 683 2092 686 ’

319 730 402 771 apud
426 729 565 760 Livium
588 728 647 758 hac
670 727 708 758 de
732 737 768 758 re
794 732 1010 766 enarrantur,
1042 737 1077 757 ea
1106 726 1213 757 omnis
1237 736 1317 766 quae
1339 731 1494 767 sequetur
1518 727 1809 760 Praenestinorum
1841 727 2057 769 historia-te·
2090 744 2102 758 2
2149 754 2155 760 .

318 792 424 817 statur
437 786 476 825 4).
524 785 610 815 Nam
634 784 786 824 quamvis
810 785 907 814 etiam
933 784 1078 823 reliquae
1100 782 1190 812 Latii
1210 783 1307 813 urbes
1328 784 1391 813 iam
1412 784 1488 814 inde
1517 785 1555 815 ab
1579 795 1663 816 anno
1683 788 1744 817 261
1767 796 1798 816 u.
1823 795 1850 816 c.
1896 785 2057 814 Romano-

321 855 393 876 rum
418 843 526 875 sociae
547 846 653 873 essent
666 841 714 881 ⁵),
747 845 854 872 tamen
887 839 984 871 huius
1015 844 1110 880 atque
1140 839 1432 872 Praenestinorum
1464 852 1536 873 cum
1569 841 1724 875 Romanis
1752 841 2058 874 foederisdiversa

320 902 384 931 suit
409 901 517 937 ratio,
543 901 587 929 ita
609 904 645 929 ut
669 900 879 930 Praenestini
902 899 1068 937 conjuncti
1090 907 1162 929 cum
1183 899 1343 931 Romanis
1366 899 1498 939 foedere
1521 903 1706 932 tenerentur
1727 911 1800 932 cum
1826 901 1943 932 celeris
1965 899 2058 931 Lati-

319 959 372 990 nis
393 957 580 989 constituto.
628 955 731 987 Velut
755 955 788 986 in
814 954 912 994 bello,
933 954 1020 995 quod
1042 953 1151 994 Aequi
1172 954 1354 996 Volscique
1379 966 1463 987 anno
1476 957 1540 990 2139
1565 963 1675 989 contra
1693 957 1854 988 Romanos
1875 960 2058 997 gesserunt,

319 1016 430 1046 Latini
456 1014 597 1055 „pudore
626 1024 661 1045 ac
682 1013 912 1045 misericordia
936 1012 1060 1043 coactiu
1082 1011 1173 1043 ultro
1196 1013 1353 1045 Romanis
1374 1016 1474 1046 sociis
1499 1026 1593 1056 opem
1615 1016 1765 1047 tulerunt
1776 1016 1826 1056 ⁶);
1851 1016 1961 1055 itaque
1977 1014 2059 1054 ipsis

320 1072 442 1103 bellum
464 1081 529 1101 non
554 1071 716 1101 indictum
739 1071 816 1109 fuit,
842 1079 1033 1111 quamquam
1051 1074 1188 1110 propter
1207 1071 1350 1102 hostium
1368 1073 1565 1111 praedonum
1591 1084 1737 1113 rapacem
1757 1060 1900 1103 animum
1923 1071 2060 1102 sortasse

319 1129 401 1160 belli
430 1128 652 1159 calamitatum
676 1138 741 1158 non
764 1127 899 1158 suerunt
927 1131 1093 1167 expertes:
1130 1132 1243 1158 contra
1268 1138 1306 1160 eo
1330 1129 1408 1168 ipso
1433 1129 1522 1160 bello
1545 1130 1653 1161 hostes
1676 1129 1926 1160 Praenestinum
1947 1137 2060 1168 agrum

319 1191 538 1217 vastaverunt
552 1185 600 1224 7),
625 1185 785 1216 adversus
809 1196 889 1225 quos
911 1190 942 1215 et
964 1186 1072 1226 ipsos,
1096 1185 1248 1226 quoniam
1273 1186 1415 1216 arctiore
1436 1198 1509 1217 cum
1524 1187 1680 1218 Romanis
1706 1187 1834 1218 foedere
1858 1190 2059 1225 tenerentur,

320 1243 442 1273 bellum
463 1247 588 1281 gestum
615 1247 673 1272 est.
720 1242 765 1272 A*
788 1251 946 1281 quaenam
970 1247 1039 1272 erat
1063 1242 1160 1273 huius
1180 1243 1337 1273 arctioris
1360 1243 1503 1273 foederis
1525 1244 1595 1283 ipsa
1616 1243 1726 1275 ratio?
1774 1242 2004 1281 Praenestini,
2024 1246 2060 1272 ut

320 1300 442 1340 reliqui
464 1299 589 1338 Latini,
612 1298 768 1329 Romanis
794 1310 859 1329 non
885 1299 1026 1336 subjecti
1047 1304 1160 1339 erant,
1194 1300 1250 1331 sed
1289 1305 1321 1330 et
1350 1300 1496 1341 ipsorum
1528 1302 1680 1333 civitatis
1712 1301 1848 1342 libertas
1871 1298 2060 1341 isopolitiue
2103 1320 2105 1322 -

322 1367 402 1397 quae
422 1362 564 1386 vocatur
587 1356 780 1384 condicione
803 1357 988 1393 nitebatur,
1016 1367 1111 1394 quam
1142 1356 1283 1395 Spurius
1308 1358 1441 1387 Cassius
1470 1358 1601 1388 Latinis
1633 1368 1717 1388 anno
1746 1360 1812 1389 2261
1838 1362 2059 1395 proposuerat.
2102 1379 2105 1381 .

322 1415 361 1446 In
385 1413 515 1454 origine
541 1411 684 1442 foederis
710 1410 779 1441 sola
806 1412 892 1443 ratio
915 1412 1127 1452 perspicitur.
1174 1412 1253 1443 Erat
1278 1413 1363 1441 enim
1388 1413 1513 1441 arctius
1536 1409 1670 1452 foedus3
1701 1412 1787 1454 quod
1818 1411 1957 1444 Romani
1988 1424 2060 1455 cum
2102 1410 2115 1445 ἱ-

320 1470 549 1503 Praenestinis
573 1468 681 1508 primo
717 1470 833 1498 conlra
870 1468 1007 1500 Latinos
1035 1466 1143 1497 hostes
1165 1467 1425 1507 constituerant,
1457 1469 1607 1510 quodque
1630 1471 1782 1511 deinceps
1802 1471 1953 1511 valebat,
1986 1482 2061 1514 quo·
2103 1473 2110 1512 ’χ

322 1530 405 1559 tiens
426 1526 545 1557 Latini
567 1524 668 1560 socii,
692 1533 831 1562 quorum
855 1522 935 1552 fides
956 1522 1025 1552 fere
1047 1532 1175 1561 semper
1194 1522 1277 1553 male
1300 1529 1448 1564 suspecta
1472 1530 1561 1565 erat,
1586 1536 1737 1568 pugnam
1759 1530 1876 1559 contra
1897 1529 2061 1569 Romapws
2104 1512 2108 1521 ‚

321 1585 544 1616 restituerent.
591 1580 685 1612 Hanc
709 1590 824 1612 veram
846 1578 941 1611 illius
964 1579 1107 1611 foederis
1128 1579 1290 1613 rationem
1311 1581 1414 1613 fuisse
1429 1606 1439 1622 ‚
1476 1593 1510 1614 ea
1542 1593 1577 1615 re
1608 1585 1791 1617 certissime
1819 1586 2060 1627 comprobatur,
2102 1578 2104 1580 ¹

369 1730 392 1764 1)
415 1731 482 1758 Liv.
507 1730 547 1763 11,
574 1730 617 1759 18.
649 1729 740 1756 Dion.
764 1729 829 1757 nal.
851 1728 891 1762 V,
913 1728 981 1758 326.
1004 1743 1044 1750 -·
1067 1729 1093 1765 ²)
1112 1729 1193 1759 Plin.
1218 1731 1246 1759 h.
1271 1740 1297 1760 n.
1319 1730 1404 1764 vlu,
1427 1731 1475 1761 74.
1506 1731 1584 1760 Fest.
1607 1741 1631 1761 s,
1656 1742 1683 1760 v.
1705 1746 1744 1752 —-
1768 1729 1796 1766 3)
1817 1732 1885 1760 Liv.
1905 1733 1945 1765 11,
1969 1733 2013 1762 19.
2102 1762 2107 1769 ,V

367 1777 394 1812 ⁴)
417 1779 519 1806 Veluti
542 1779 578 1805 cf.
603 1778 671 1805 Liv.
695 1777 751 1810 vt,
770 1778 818 1809 21,
840 1779 875 1810 23
898 1778 926 1806 9.
949 1779 997 1810 27,
1020 1779 1049 1807 7.
1078 1792 1118 1799 ·--
1147 1779 1174 1815 ⁵)
1195 1780 1263 1808 Liv.
1285 1780 1330 1813 11,
1351 1781 1408 1813 33,
1429 1781 1459 1809 3.
1508 1780 1638 1817 Dionys.
1663 1782 1727 1809 Hal.
1751 1782 1805 1814 vl,
1828 1781 1896 1810 411.
1922 1781 1984 1809 Cic.
2008 1792 2061 1818 pro

404 1828 496 1856 Balbo
518 1828 566 1857 23.
588 1825 679 1863 -‘⁶)
701 1827 769 1856 Liv.
790 1828 845 1861 111,
867 1827 896 1861 7,
917 1828 945 1857 4.
1241 1829 1243 1831 ’

369 1877 394 1914 7)
423 1879 490 1906 Liv.
515 1878 571 1910 111,
594 1878 622 1910 S,
643 1878 671 1906 6.
710 1878 795 1904 Falso
817 1878 920 1913 Nibby
949 1878 969 1906 l.
992 1879 1011 1905 l.
1034 1888 1063 1914 p.
1083 1879 1143 1908 265
1164 1885 1193 1907 et
1214 1879 1281 1907 Chr.
1304 1880 1411 1907 Miiller
1432 1880 1452 1909 1.
1475 1880 1494 1908 l.
1516 1882 1547 1914 1,
1573 1880 1631 1910 366
1652 1885 1766 1909 causam
1787 1880 1930 1909 devastati
1951 1883 1986 1909 ab
2008 1883 2059 1910 ho-

404 1928 500 1955 stibus
522 1926 710 1953 Praenestini
733 1926 796 1961 agri
820 1936 852 1953 ea
876 1927 904 1953 in
924 1936 954 1954 re
975 1934 1208 1964 perspexerunt,
1237 1930 1315 1963 quod
1337 1930 1523 1958 Praenestini
1543 1932 1687 1965 quondam
1710 1940 1726 1958 a
1746 1930 1864 1959 Latinis
1891 1931 1926 1958 ad
1956 1932 2060 1960 Roma-

405 1987 457 2005 nos
479 1977 695 2010 descivissent,
726 1986 848 2011 quorum
878 1978 975 2005 hostes
1001 1984 1028 2006 et
1056 1978 1115 2015 ipsi
1137 1979 1233 2014 Aequi
1256 1979 1419 2015 Volscique
1444 1987 1511 2009 tunc
1533 1982 1656 2011 fuerant.
1677 1996 1717 2004 —
1743 1982 1815 2010 Nam
1837 1990 1911 2010 anno
1929 1983 1987 2012 289
2002 1986 2058 2018 jam

402 2036 500 2055 omnes
523 2027 603 2054 Latii
627 2027 713 2054 urbes
735 2027 929 2054 Romanorum
960 2027 1058 2055 sociae
1080 2035 1175 2061 erant,
1205 2028 1298 2064 igitur
1325 2040 1376 2057 eae
1398 2038 1513 2065 quoque
1536 2032 1571 2059 ad
1595 2032 1663 2059 illos
1686 2031 1881 2060 desciverant.
1926 2032 2059 2061 Ceterum

399 2077 500 2105 Latini
525 2081 552 2103 et
577 2076 638 2112 ipsi
662 2085 724 2103 cum
748 2076 882 2103 hostibus
907 2076 934 2103 in
957 2077 1012 2104 hoc
1032 2078 1110 2105 bello
1139 2085 1236 2106 manus
1264 2086 1483 2110 conseruerunt.
1526 2080 1595 2110 Liv.
1618 2082 1674 2118 111,
1697 2076 1725 2114 7,
1747 2079 1776 2110 5.
1820 2081 1929 2110 Verum
1951 2080 2059 2110 bellum

399 2133 514 2162 gestum
536 2132 579 2153 est
602 2135 658 2153 non
682 2127 716 2152 ad
738 2126 932 2154 ulciscendam
954 2127 1032 2154 iilam
1055 2128 1189 2163 injuriam
1212 2131 1263 2157 sed
1285 2136 1385 2158 contra
1398 2131 1540 2159 Romanos
1557 2132 1714 2167 eorumque
1725 2131 1823 2159 socios
1838 2131 2057 2161 Praenestinos.

397 2177 482 2205 Quod
506 2176 614 2203 Livius
642 2175 703 2209 111,
726 2176 745 2205 7
766 2176 886 2210 Aequos
905 2183 933 2203 et
952 2178 1077 2205 Volscos
1097 2187 1258 2207 communes
1272 2193 1311 2199 -—
1327 2181 1413 2208 etiam
1434 2187 1595 2209 ceterorum
1617 2180 1696 2210 Latii
1719 2179 1949 2218 'populorum—
1962 2176 2060 2211 hostes

398 2227 543 2262 appellat,
575 2236 632 2254 non
655 2232 766 2263 spectat
790 2227 864 2254 illud
887 2227 1005 2262 quidem
1026 2229 1062 2256 ad
1083 2229 1196 2258 liuius
1219 2231 1290 2259 belli
1311 2231 1438 2259 indolem
1459 2231 1511 2260 sed
1532 2232 1568 2262 ad
1587 2233 1708 2262 crebriis¹
1730 2229 1801 2268 duas
1829 2241 1868 2261 ex
1895 2232 1983 2262 Latio
2013 2233 2059 2261 ini

398 2276 501 2311 populi
524 2278 649 2310 agebant
671 2277 804 2312 praedas.
1676 2276 1678 2278 V
