<?xml version="1.0" encoding="UTF-8"?>
<!DOCTYPE html PUBLIC "-//W3C//DTD XHTML 1.0 Transitional//EN"
    "http://www.w3.org/TR/xhtml1/DTD/xhtml1-transitional.dtd">
<html xmlns="http://www.w3.org/1999/xhtml" xml:lang="en" lang="en">
 <head>
  <title>
</title>
<meta http-equiv="Content-Type" content="text/html;charset=utf-8" />
  <meta name='ocr-system' content='tesseract 3.04.00' />
  <meta name='ocr-capabilities' content='ocr_page ocr_carea ocr_par ocr_line ocrx_word'/>
</head>
<body>
  <div class='ocr_page' id='page_1' title='image "./4626150_0026.png"; bbox 0 0 2208 2709; ppageno 0'>
   <div class='ocr_carea' id='block_1_1' title="bbox 1031 31 1086 70">
    <p class='ocr_par' dir='ltr' id='par_1_1' title="bbox 1031 31 1086 70">
     <span class='ocr_line' id='line_1_1' title="bbox 1031 31 1086 70; baseline 0.018 -1"><span class='ocrx_word' id='word_1_1' title='bbox 1031 31 1086 70; x_wconf 83' lang='grc'>20</span> 
     </span>
    </p>
   </div>
   <div class='ocr_carea' id='block_1_2' title="bbox 956 84 1170 95">
    <p class='ocr_par' dir='ltr' id='par_1_2' title="bbox 956 84 1170 95">
     <span class='ocr_line' id='line_1_2' title="bbox 956 84 1170 95; baseline 0 2614"><span class='ocrx_word' id='word_1_2' title='bbox 956 84 1170 95; x_wconf 95' lang='lat' dir='ltr'> </span> 
     </span>
    </p>
   </div>
   <div class='ocr_carea' id='block_1_3' title="bbox 180 138 1930 1853">
    <p class='ocr_par' dir='ltr' id='par_1_3' title="bbox 180 138 1930 942">
     <span class='ocr_line' id='line_1_3' title="bbox 180 138 1928 199; baseline 0.002 -13"><span class='ocrx_word' id='word_1_3' title='bbox 180 155 327 186; x_wconf 79' lang='lat' dir='ltr'><strong>indictio</strong></span> <span class='ocrx_word' id='word_1_4' title='bbox 354 164 432 194; x_wconf 82' lang='lat' dir='ltr'>quae</span> <span class='ocrx_word' id='word_1_5' title='bbox 453 153 608 195; x_wconf 75' lang='lat' dir='ltr'>deinceps</span> <span class='ocrx_word' id='word_1_6' title='bbox 633 154 786 195; x_wconf 83' lang='lat' dir='ltr'>sequitur</span> <span class='ocrx_word' id='word_1_7' title='bbox 806 154 891 186; x_wconf 77' lang='lat' dir='ltr'>iram</span> <span class='ocrx_word' id='word_1_8' title='bbox 913 161 1008 198; x_wconf 82' lang='lat' dir='ltr'>atque</span> <span class='ocrx_word' id='word_1_9' title='bbox 1030 157 1143 189; x_wconf 88' lang='lat' dir='ltr'>odium</span> <span class='ocrx_word' id='word_1_10' title='bbox 1164 155 1249 189; x_wconf 84' lang='lat' dir='ltr'>victi</span> <span class='ocrx_word' id='word_1_11' title='bbox 1271 155 1468 197; x_wconf 78' lang='lat' dir='ltr'>superbique</span> <span class='ocrx_word' id='word_1_12' title='bbox 1482 154 1595 199; x_wconf 77' lang='lat' dir='ltr'>populi</span> <span class='ocrx_word' id='word_1_13' title='bbox 1619 155 1753 191; x_wconf 68' lang='lat' dir='ltr'>indicat.</span> <span class='ocrx_word' id='word_1_14' title='bbox 1798 138 1928 190; x_wconf 72' lang='lat' dir='ltr'>Deinde</span> 
     </span>
     <span class='ocr_line' id='line_1_4' title="bbox 183 210 1930 256; baseline 0.002 -13"><span class='ocrx_word' id='word_1_15' title='bbox 183 212 333 254; x_wconf 83' lang='lat' dir='ltr'>quamvis</span> <span class='ocrx_word' id='word_1_16' title='bbox 358 210 482 242; x_wconf 89' lang='lat' dir='ltr'>Livius</span> <span class='ocrx_word' id='word_1_17' title='bbox 507 215 711 250; x_wconf 75' lang='lat' dir='ltr'>enarrasset,</span> <span class='ocrx_word' id='word_1_18' title='bbox 747 220 821 242; x_wconf 84' lang='lat' dir='ltr'>cum</span> <span class='ocrx_word' id='word_1_19' title='bbox 843 211 1072 246; x_wconf 75' lang='lat' dir='ltr'>Praenestinis</span> <span class='ocrx_word' id='word_1_20' title='bbox 1092 219 1268 256; x_wconf 78' lang='lat' dir='ltr'>pugnatum</span> <span class='ocrx_word' id='word_1_21' title='bbox 1289 213 1397 253; x_wconf 83' lang='lat' dir='ltr'>iisque</span> <span class='ocrx_word' id='word_1_22' title='bbox 1423 212 1548 245; x_wconf 77' lang='lat' dir='ltr'>henum</span> <span class='ocrx_word' id='word_1_23' title='bbox 1572 213 1732 245; x_wconf 86' lang='lat' dir='ltr'>indictum</span> <span class='ocrx_word' id='word_1_24' title='bbox 1755 223 1826 246; x_wconf 76' lang='lat' dir='ltr'>esse</span> <span class='ocrx_word' id='word_1_25' title='bbox 1846 214 1930 254; x_wconf 78' lang='lat' dir='ltr'>(vl,</span> 
     </span>
     <span class='ocr_line' id='line_1_5' title="bbox 184 262 1929 313; baseline 0.001 -12"><span class='ocrx_word' id='word_1_26' title='bbox 184 272 237 310; x_wconf 83' lang='lat'>22,</span> <span class='ocrx_word' id='word_1_27' title='bbox 261 270 303 308; x_wconf 78' lang='lat'>23</span> <span class='ocrx_word' id='word_1_28' title='bbox 326 268 385 309; x_wconf 78' lang='lat'>4);</span> <span class='ocrx_word' id='word_1_29' title='bbox 409 269 560 309; x_wconf 82' lang='lat' dir='ltr'>quamvis</span> <span class='ocrx_word' id='word_1_30' title='bbox 584 267 816 310; x_wconf 83' lang='lat' dir='ltr'>Praenestini,</span> <span class='ocrx_word' id='word_1_31' title='bbox 845 275 959 302; x_wconf 86' lang='lat' dir='ltr'>contra</span> <span class='ocrx_word' id='word_1_32' title='bbox 982 281 1063 313; x_wconf 87' lang='lat' dir='ltr'>quos</span> <span class='ocrx_word' id='word_1_33' title='bbox 1085 281 1243 309; x_wconf 82' lang='lat' dir='ltr'>summum</span> <span class='ocrx_word' id='word_1_34' title='bbox 1267 274 1336 301; x_wconf 81' lang='lat' dir='ltr'>erat</span> <span class='ocrx_word' id='word_1_35' title='bbox 1358 269 1578 302; x_wconf 78' lang='lat' dir='ltr'>Romanorum</span> <span class='ocrx_word' id='word_1_36' title='bbox 1592 271 1716 311; x_wconf 83' lang='lat' dir='ltr'>odium,</span> <span class='ocrx_word' id='word_1_37' title='bbox 1741 262 1929 313; x_wconf 76' lang='lat' dir='ltr'>insequenti</span> 
     </span>
     <span class='ocr_line' id='line_1_6' title="bbox 185 325 1928 370; baseline 0.001 -12"><span class='ocrx_word' id='word_1_38' title='bbox 185 338 271 358; x_wconf 90' lang='lat' dir='ltr'>anno</span> <span class='ocrx_word' id='word_1_39' title='bbox 290 337 351 357; x_wconf 87' lang='lat' dir='ltr'>una</span> <span class='ocrx_word' id='word_1_40' title='bbox 377 337 450 357; x_wconf 88' lang='lat' dir='ltr'>cum</span> <span class='ocrx_word' id='word_1_41' title='bbox 473 325 608 356; x_wconf 82' lang='lat' dir='ltr'>Volscis</span> <span class='ocrx_word' id='word_1_42' title='bbox 632 325 799 358; x_wconf 74' lang='lat' dir='ltr'>Satricum</span> <span class='ocrx_word' id='word_1_43' title='bbox 823 335 1061 370; x_wconf 79' lang='lat' dir='ltr'>expugnassent</span> <span class='ocrx_word' id='word_1_44' title='bbox 1084 335 1117 361; x_wconf 87' lang='lat' dir='ltr'>et</span> <span class='ocrx_word' id='word_1_45' title='bbox 1140 329 1181 360; x_wconf 90' lang='lat' dir='ltr'>ob</span> <span class='ocrx_word' id='word_1_46' title='bbox 1204 328 1336 359; x_wconf 84' lang='lat' dir='ltr'>eandem</span> <span class='ocrx_word' id='word_1_47' title='bbox 1366 337 1433 358; x_wconf 88' lang='lat' dir='ltr'>rem</span> <span class='ocrx_word' id='word_1_48' title='bbox 1456 328 1624 359; x_wconf 80' lang='lat' dir='ltr'>exercitus</span> <span class='ocrx_word' id='word_1_49' title='bbox 1645 339 1663 360; x_wconf 81' lang='lat' dir='ltr'>a</span> <span class='ocrx_word' id='word_1_50' title='bbox 1687 338 1763 360; x_wconf 87' lang='lat' dir='ltr'>seue</span> <span class='ocrx_word' id='word_1_51' title='bbox 1785 327 1928 361; x_wconf 76' lang='lat' dir='ltr'>Camillo</span> 
     </span>
     <span class='ocr_line' id='line_1_7' title="bbox 186 384 1928 430; baseline 0 -14"><span class='ocrx_word' id='word_1_52' title='bbox 186 385 320 416; x_wconf 87' lang='lat' dir='ltr'>eductus</span> <span class='ocrx_word' id='word_1_53' title='bbox 346 388 442 423; x_wconf 87' lang='lat' dir='ltr'>esset,</span> <span class='ocrx_word' id='word_1_54' title='bbox 467 394 562 425; x_wconf 89' lang='lat' dir='ltr'>quem</span> <span class='ocrx_word' id='word_1_55' title='bbox 589 384 648 416; x_wconf 76' lang='lat' dir='ltr'>uad</span> <span class='ocrx_word' id='word_1_56' title='bbox 675 385 842 417; x_wconf 80' lang='lat' dir='ltr'>Satricum</span> <span class='ocrx_word' id='word_1_57' title='bbox 862 390 1105 430; x_wconf 59' lang='lat' dir='ltr'>expugnatores</span> <span class='ocrx_word' id='word_1_58' title='bbox 1126 386 1272 419; x_wconf 78' lang='lat' dir='ltr'>coloniae</span> <span class='ocrx_word' id='word_1_59' title='bbox 1293 384 1428 416; x_wconf 85' lang='lat' dir='ltr'>fidentes</span> <span class='ocrx_word' id='word_1_60' title='bbox 1447 384 1592 415; x_wconf 89' lang='lat' dir='ltr'>militum</span> <span class='ocrx_word' id='word_1_61' title='bbox 1615 394 1751 417; x_wconf 81' lang='lat' dir='ltr'>numero</span> <span class='ocrx_word' id='word_1_62' title='bbox 1779 385 1928 427; x_wconf 78' lang='lat' dir='ltr'>opperie-</span> 
     </span>
     <span class='ocr_line' id='line_1_8' title="bbox 186 441 1930 486; baseline 0.001 -13"><span class='ocrx_word' id='word_1_63' title='bbox 186 443 323 473; x_wconf 78' lang='lat' dir='ltr'>banturu</span> <span class='ocrx_word' id='word_1_64' title='bbox 348 441 417 481; x_wconf 85' lang='grc'>(22,</span> <span class='ocrx_word' id='word_1_65' title='bbox 443 441 478 481; x_wconf 80' lang='grc'>8)</span> <span class='ocrx_word' id='word_1_66' title='bbox 503 461 547 466; x_wconf 93' lang='grc'>-</span> <span class='ocrx_word' id='word_1_67' title='bbox 569 447 677 474; x_wconf 83' lang='lat' dir='ltr'>tamen</span> <span class='ocrx_word' id='word_1_68' title='bbox 703 443 782 484; x_wconf 91' lang='lat' dir='ltr'>(VI,</span> <span class='ocrx_word' id='word_1_69' title='bbox 803 446 857 485; x_wconf 86' lang='lat'>27,</span> <span class='ocrx_word' id='word_1_70' title='bbox 879 445 916 485; x_wconf 84' lang='lat'>7)</span> <span class='ocrx_word' id='word_1_71' title='bbox 947 446 1078 476; x_wconf 85' lang='lat' dir='ltr'>tribuni</span> <span class='ocrx_word' id='word_1_72' title='bbox 1101 448 1284 486; x_wconf 88' lang='lat' dir='ltr'>queruntur</span> <span class='ocrx_word' id='word_1_73' title='bbox 1305 442 1532 474; x_wconf 81' lang='lat' dir='ltr'>Praenestinis</span> <span class='ocrx_word' id='word_1_74' title='bbox 1548 444 1625 484; x_wconf 81' lang='lat' dir='ltr'>jam</span> <span class='ocrx_word' id='word_1_75' title='bbox 1648 442 1811 475; x_wconf 68' lang='lat' dir='ltr'>intentari</span> <span class='ocrx_word' id='word_1_76' title='bbox 1833 452 1930 476; x_wconf 85' lang='lat' dir='ltr'>arma</span> 
     </span>
     <span class='ocr_line' id='line_1_9' title="bbox 186 499 1930 542; baseline 0.001 -12"><span class='ocrx_word' id='word_1_77' title='bbox 186 500 307 531; x_wconf 71' lang='lat' dir='ltr'>civium</span> <span class='ocrx_word' id='word_1_78' title='bbox 330 500 443 540; x_wconf 76' lang='lat' dir='ltr'>magis</span> <span class='ocrx_word' id='word_1_79' title='bbox 468 509 568 541; x_wconf 77' lang='lat' dir='ltr'>quam</span> <span class='ocrx_word' id='word_1_80' title='bbox 588 500 731 532; x_wconf 75' lang='lat' dir='ltr'>hostium</span> <span class='ocrx_word' id='word_1_81' title='bbox 756 501 832 533; x_wconf 84' lang='lat' dir='ltr'>odio</span> <span class='ocrx_word' id='word_1_82' title='bbox 854 506 887 532; x_wconf 87' lang='lat' dir='ltr'>et</span> <span class='ocrx_word' id='word_1_83' title='bbox 922 502 990 541; x_wconf 86' lang='lat'>(27,</span> <span class='ocrx_word' id='word_1_84' title='bbox 1013 503 1049 542; x_wconf 86' lang='grc'>9)</span> <span class='ocrx_word' id='word_1_85' title='bbox 1072 512 1178 532; x_wconf 87' lang='lat' dir='ltr'>sermo</span> <span class='ocrx_word' id='word_1_86' title='bbox 1209 506 1258 532; x_wconf 86' lang='lat' dir='ltr'>est</span> <span class='ocrx_word' id='word_1_87' title='bbox 1289 501 1327 531; x_wconf 87' lang='lat' dir='ltr'>de</span> <span class='ocrx_word' id='word_1_88' title='bbox 1359 500 1457 531; x_wconf 88' lang='lat' dir='ltr'>novis</span> <span class='ocrx_word' id='word_1_89' title='bbox 1489 499 1701 540; x_wconf 80' lang='lat' dir='ltr'>legionibus,</span> <span class='ocrx_word' id='word_1_90' title='bbox 1738 509 1819 540; x_wconf 80' lang='lat' dir='ltr'>quae</span> <span class='ocrx_word' id='word_1_91' title='bbox 1851 505 1930 531; x_wconf 87' lang='lat' dir='ltr'>tunc</span> 
     </span>
     <span class='ocr_line' id='line_1_10' title="bbox 188 555 1929 600; baseline 0.001 -14"><span class='ocrx_word' id='word_1_92' title='bbox 188 556 317 587; x_wconf 90' lang='lat' dir='ltr'>demum</span> <span class='ocrx_word' id='word_1_93' title='bbox 340 567 460 587; x_wconf 77' lang='lat' dir='ltr'>revera</span> <span class='ocrx_word' id='word_1_94' title='bbox 492 558 696 590; x_wconf 84' lang='lat' dir='ltr'>scribuntur.</span> <span class='ocrx_word' id='word_1_95' title='bbox 744 558 860 599; x_wconf 82' lang='lat' dir='ltr'>Neque</span> <span class='ocrx_word' id='word_1_96' title='bbox 890 570 930 590; x_wconf 90' lang='lat' dir='ltr'>ne</span> <span class='ocrx_word' id='word_1_97' title='bbox 962 560 1022 590; x_wconf 88' lang='lat' dir='ltr'>hoc</span> <span class='ocrx_word' id='word_1_98' title='bbox 1052 559 1183 600; x_wconf 84' lang='lat' dir='ltr'>quidem</span> <span class='ocrx_word' id='word_1_99' title='bbox 1207 558 1379 599; x_wconf 81' lang='lat' dir='ltr'>quidquam</span> <span class='ocrx_word' id='word_1_100' title='bbox 1401 558 1516 596; x_wconf 83' lang='lat' dir='ltr'>juvat,</span> <span class='ocrx_word' id='word_1_101' title='bbox 1550 557 1580 587; x_wconf 88' lang='lat' dir='ltr'>si</span> <span class='ocrx_word' id='word_1_102' title='bbox 1603 567 1666 588; x_wconf 92' lang='lat' dir='ltr'>una</span> <span class='ocrx_word' id='word_1_103' title='bbox 1696 566 1768 588; x_wconf 89' lang='lat' dir='ltr'>cum</span> <span class='ocrx_word' id='word_1_104' title='bbox 1794 555 1929 588; x_wconf 79' lang='lat' dir='ltr'>Volscis</span> 
     </span>
     <span class='ocr_line' id='line_1_11' title="bbox 188 613 1928 655; baseline -0.001 -10"><span class='ocrx_word' id='word_1_105' title='bbox 188 615 425 645; x_wconf 82' lang='lat' dir='ltr'>Praenestinos</span> <span class='ocrx_word' id='word_1_106' title='bbox 451 613 510 644; x_wconf 88' lang='lat' dir='ltr'>illa</span> <span class='ocrx_word' id='word_1_107' title='bbox 538 625 645 655; x_wconf 85' lang='lat' dir='ltr'>pugna</span> <span class='ocrx_word' id='word_1_108' title='bbox 675 627 692 646; x_wconf 86' lang='lat' dir='ltr'>a</span> <span class='ocrx_word' id='word_1_109' title='bbox 721 616 863 647; x_wconf 86' lang='lat' dir='ltr'>Camillo</span> <span class='ocrx_word' id='word_1_110' title='bbox 886 617 1037 647; x_wconf 82' lang='lat' dir='ltr'>devictos</span> <span class='ocrx_word' id='word_1_111' title='bbox 1064 625 1132 647; x_wconf 86' lang='lat' dir='ltr'>esse</span> <span class='ocrx_word' id='word_1_112' title='bbox 1160 620 1358 654; x_wconf 78' lang='lat' dir='ltr'>statuamus,</span> <span class='ocrx_word' id='word_1_113' title='bbox 1392 614 1468 655; x_wconf 87' lang='lat' dir='ltr'>quia</span> <span class='ocrx_word' id='word_1_114' title='bbox 1501 613 1637 645; x_wconf 86' lang='lat' dir='ltr'>minime</span> <span class='ocrx_word' id='word_1_115' title='bbox 1663 613 1849 645; x_wconf 86' lang='lat' dir='ltr'>verisimile</span> <span class='ocrx_word' id='word_1_116' title='bbox 1871 613 1928 653; x_wconf 89' lang='lat' dir='ltr'>sit,</span> 
     </span>
     <span class='ocr_line' id='line_1_12' title="bbox 188 670 1928 714; baseline -0.001 -11"><span class='ocrx_word' id='word_1_117' title='bbox 188 671 343 712; x_wconf 85' lang='lat' dir='ltr'>Volscos,</span> <span class='ocrx_word' id='word_1_118' title='bbox 369 682 508 712; x_wconf 89' lang='lat' dir='ltr'>quorum</span> <span class='ocrx_word' id='word_1_119' title='bbox 530 672 697 704; x_wconf 88' lang='lat' dir='ltr'>exercitus</span> <span class='ocrx_word' id='word_1_120' title='bbox 720 672 884 705; x_wconf 87' lang='lat' dir='ltr'>Romanos</span> <span class='ocrx_word' id='word_1_121' title='bbox 907 684 1042 705; x_wconf 86' lang='lat' dir='ltr'>numero</span> <span class='ocrx_word' id='word_1_122' title='bbox 1065 676 1246 714; x_wconf 87' lang='lat' dir='ltr'>superaret,</span> <span class='ocrx_word' id='word_1_123' title='bbox 1270 682 1286 703; x_wconf 89' lang='lat' dir='ltr'>a</span> <span class='ocrx_word' id='word_1_124' title='bbox 1309 671 1554 710; x_wconf 84' lang='lat' dir='ltr'>Praenestinis,</span> <span class='ocrx_word' id='word_1_125' title='bbox 1582 670 1641 712; x_wconf 87' lang='lat' dir='ltr'>qui</span> <span class='ocrx_word' id='word_1_126' title='bbox 1671 675 1704 702; x_wconf 90' lang='lat' dir='ltr'>et</span> <span class='ocrx_word' id='word_1_127' title='bbox 1732 671 1797 712; x_wconf 89' lang='lat' dir='ltr'>ipsi</span> <span class='ocrx_word' id='word_1_128' title='bbox 1828 681 1928 711; x_wconf 84' lang='lat' dir='ltr'>expu-</span> 
     </span>
     <span class='ocr_line' id='line_1_13' title="bbox 190 728 1930 776; baseline -0.001 -16"><span class='ocrx_word' id='word_1_129' title='bbox 190 735 342 769; x_wconf 86' lang='lat' dir='ltr'>gnatores</span> <span class='ocrx_word' id='word_1_130' title='bbox 367 729 492 776; x_wconf 66' lang='lat' dir='ltr'>Satrici</span> <span class='ocrx_word' id='word_1_131' title='bbox 516 729 669 769; x_wconf 74' lang='lat' dir='ltr'>fuissent,</span> <span class='ocrx_word' id='word_1_132' title='bbox 691 741 757 762; x_wconf 91' lang='lat' dir='ltr'>non</span> <span class='ocrx_word' id='word_1_133' title='bbox 778 731 879 762; x_wconf 82' lang='lat' dir='ltr'>fuisse</span> <span class='ocrx_word' id='word_1_134' title='bbox 899 731 1035 768; x_wconf 87' lang='lat' dir='ltr'>adjutos.</span> <span class='ocrx_word' id='word_1_135' title='bbox 1082 731 1233 771; x_wconf 88' lang='lat' dir='ltr'>Denique</span> <span class='ocrx_word' id='word_1_136' title='bbox 1251 730 1371 761; x_wconf 88' lang='lat' dir='ltr'>Livius</span> <span class='ocrx_word' id='word_1_137' title='bbox 1391 729 1454 769; x_wconf 87' lang='lat' dir='ltr'>VI,</span> <span class='ocrx_word' id='word_1_138' title='bbox 1473 730 1562 768; x_wconf 82' lang='lat'>27,7</span> <span class='ocrx_word' id='word_1_139' title='bbox 1583 728 1737 759; x_wconf 83' lang='lat' dir='ltr'>tribunos</span> <span class='ocrx_word' id='word_1_140' title='bbox 1757 732 1930 770; x_wconf 76' lang='lat' dir='ltr'>querentes</span> 
     </span>
     <span class='ocr_line' id='line_1_14' title="bbox 192 785 1929 828; baseline -0.002 -10"><span class='ocrx_word' id='word_1_141' title='bbox 192 787 293 818; x_wconf 82' lang='lat' dir='ltr'>facit:</span> <span class='ocrx_word' id='word_1_142' title='bbox 319 786 468 817; x_wconf 62' lang='lat' dir='ltr'>&#39;&#39;Passim</span> <span class='ocrx_word' id='word_1_143' title='bbox 492 786 555 816; x_wconf 89' lang='lat' dir='ltr'>iam</span> <span class='ocrx_word' id='word_1_144' title='bbox 577 786 648 817; x_wconf 88' lang='lat' dir='ltr'>siue</span> <span class='ocrx_word' id='word_1_145' title='bbox 669 787 739 818; x_wconf 90' lang='lat' dir='ltr'>ullo</span> <span class='ocrx_word' id='word_1_146' title='bbox 765 787 959 819; x_wconf 81' lang='lat' dir='ltr'>discrimine</span> <span class='ocrx_word' id='word_1_147' title='bbox 983 787 1069 818; x_wconf 86' lang='lat' dir='ltr'>bella</span> <span class='ocrx_word' id='word_1_148' title='bbox 1093 787 1125 825; x_wconf 83' lang='lat' dir='ltr'>(a</span> <span class='ocrx_word' id='word_1_149' title='bbox 1145 786 1311 828; x_wconf 86' lang='lat' dir='ltr'>patribus)</span> <span class='ocrx_word' id='word_1_150' title='bbox 1334 786 1468 827; x_wconf 88' lang='lat' dir='ltr'>quaeri:</span> <span class='ocrx_word' id='word_1_151' title='bbox 1491 785 1530 816; x_wconf 86' lang='lat' dir='ltr'>ab</span> <span class='ocrx_word' id='word_1_152' title='bbox 1548 785 1654 816; x_wconf 88' lang='lat' dir='ltr'>Antio</span> <span class='ocrx_word' id='word_1_153' title='bbox 1680 785 1868 824; x_wconf 85' lang='lat' dir='ltr'>Satricum,</span> <span class='ocrx_word' id='word_1_154' title='bbox 1887 785 1929 815; x_wconf 70' lang='lat' dir='ltr'>‘ab</span> 
     </span>
     <span class='ocr_line' id='line_1_15' title="bbox 193 841 1929 885; baseline -0.001 -10"><span class='ocrx_word' id='word_1_155' title='bbox 193 845 325 875; x_wconf 86' lang='lat' dir='ltr'>Satrico</span> <span class='ocrx_word' id='word_1_156' title='bbox 343 843 505 881; x_wconf 81' lang='lat' dir='ltr'>Velitras,</span> <span class='ocrx_word' id='word_1_157' title='bbox 533 842 610 874; x_wconf 87' lang='lat' dir='ltr'>inde</span> <span class='ocrx_word' id='word_1_158' title='bbox 630 844 810 875; x_wconf 85' lang='lat' dir='ltr'>Tusculum</span> <span class='ocrx_word' id='word_1_159' title='bbox 824 844 971 884; x_wconf 81' lang='lat' dir='ltr'>legiones</span> <span class='ocrx_word' id='word_1_160' title='bbox 986 845 1132 884; x_wconf 56' lang='lat' dir='ltr'>ductam,</span> <span class='ocrx_word' id='word_1_161' title='bbox 1157 844 1308 885; x_wconf 82' lang='lat' dir='ltr'>quamvis</span> <span class='ocrx_word' id='word_1_162' title='bbox 1328 843 1449 875; x_wconf 89' lang='lat' dir='ltr'>bellum</span> <span class='ocrx_word' id='word_1_163' title='bbox 1471 842 1556 875; x_wconf 86' lang='lat' dir='ltr'>illud</span> <span class='ocrx_word' id='word_1_164' title='bbox 1577 854 1616 875; x_wconf 82' lang='lat' dir='ltr'>ex</span> <span class='ocrx_word' id='word_1_165' title='bbox 1633 848 1764 875; x_wconf 86' lang='lat' dir='ltr'>senatus</span> <span class='ocrx_word' id='word_1_166' title='bbox 1778 841 1929 874; x_wconf 83' lang='lat' dir='ltr'>consulto</span> 
     </span>
     <span class='ocr_line' id='line_1_16' title="bbox 186 899 1208 942; baseline 0.001 -10"><span class='ocrx_word' id='word_1_167' title='bbox 186 901 367 942; x_wconf 76' lang='lat' dir='ltr'>populique</span> <span class='ocrx_word' id='word_1_168' title='bbox 381 901 483 940; x_wconf 75' lang='lat' dir='ltr'>jtcssu</span> <span class='ocrx_word' id='word_1_169' title='bbox 507 899 670 930; x_wconf 88' lang='lat' dir='ltr'>indictum</span> <span class='ocrx_word' id='word_1_170' title='bbox 691 910 760 931; x_wconf 89' lang='lat' dir='ltr'>esse</span> <span class='ocrx_word' id='word_1_171' title='bbox 783 901 949 931; x_wconf 88' lang='lat' dir='ltr'>monuerit</span> <span class='ocrx_word' id='word_1_172' title='bbox 977 900 1055 940; x_wconf 85' lang='lat' dir='ltr'>(VI,</span> <span class='ocrx_word' id='word_1_173' title='bbox 1080 902 1135 941; x_wconf 88' lang='grc'>22,</span> <span class='ocrx_word' id='word_1_174' title='bbox 1162 901 1208 940; x_wconf 80' lang='grc'>4).</span> 
     </span>
    </p>

    <p class='ocr_par' dir='ltr' id='par_1_4' title="bbox 190 955 1930 1112">
     <span class='ocr_line' id='line_1_17' title="bbox 320 955 1930 997; baseline -0.001 -11"><span class='ocrx_word' id='word_1_175' title='bbox 320 956 389 996; x_wconf 82' lang='lat' dir='ltr'>Ego</span> <span class='ocrx_word' id='word_1_176' title='bbox 412 956 494 987; x_wconf 88' lang='lat' dir='ltr'>hanc</span> <span class='ocrx_word' id='word_1_177' title='bbox 516 956 585 987; x_wconf 83' lang='lat' dir='ltr'>fere</span> <span class='ocrx_word' id='word_1_178' title='bbox 609 967 719 988; x_wconf 85' lang='lat' dir='ltr'>rerum</span> <span class='ocrx_word' id='word_1_179' title='bbox 740 961 903 997; x_wconf 83' lang='lat' dir='ltr'>gestarum</span> <span class='ocrx_word' id='word_1_180' title='bbox 925 957 1046 988; x_wconf 89' lang='lat' dir='ltr'>seriem</span> <span class='ocrx_word' id='word_1_181' title='bbox 1066 957 1168 988; x_wconf 81' lang='lat' dir='ltr'>fuisse</span> <span class='ocrx_word' id='word_1_182' title='bbox 1192 956 1365 988; x_wconf 83' lang='lat' dir='ltr'>existimo:</span> <span class='ocrx_word' id='word_1_183' title='bbox 1390 955 1615 987; x_wconf 82' lang='lat' dir='ltr'>Defectionem</span> <span class='ocrx_word' id='word_1_184' title='bbox 1638 955 1930 988; x_wconf 86' lang='lat' dir='ltr'>Praenestinorum</span> 
     </span>
     <span class='ocr_line' id='line_1_18' title="bbox 190 1011 1929 1054; baseline -0.001 -10"><span class='ocrx_word' id='word_1_185' title='bbox 190 1018 325 1054; x_wconf 84' lang='lat' dir='ltr'>sequuta</span> <span class='ocrx_word' id='word_1_186' title='bbox 352 1017 401 1043; x_wconf 85' lang='lat' dir='ltr'>est</span> <span class='ocrx_word' id='word_1_187' title='bbox 424 1015 629 1054; x_wconf 77' lang='lat' dir='ltr'>expugnatio</span> <span class='ocrx_word' id='word_1_188' title='bbox 652 1013 781 1046; x_wconf 77' lang='lat' dir='ltr'>Satrici</span> <span class='ocrx_word' id='word_1_189' title='bbox 805 1014 974 1052; x_wconf 53' lang='lat' dir='ltr'>coloniam</span> <span class='ocrx_word' id='word_1_190' title='bbox 1000 1015 1213 1046; x_wconf 71' lang='lat' dir='ltr'>Ptaenestini</span> <span class='ocrx_word' id='word_1_191' title='bbox 1238 1023 1306 1045; x_wconf 84' lang='lat' dir='ltr'>una</span> <span class='ocrx_word' id='word_1_192' title='bbox 1327 1023 1399 1045; x_wconf 80' lang='lat' dir='ltr'>cum</span> <span class='ocrx_word' id='word_1_193' title='bbox 1427 1013 1551 1045; x_wconf 78' lang='lat' dir='ltr'>Volscis</span> <span class='ocrx_word' id='word_1_194' title='bbox 1570 1023 1588 1044; x_wconf 86' lang='lat' dir='ltr'>a</span> <span class='ocrx_word' id='word_1_195' title='bbox 1611 1023 1688 1045; x_wconf 87' lang='lat' dir='ltr'>sene</span> <span class='ocrx_word' id='word_1_196' title='bbox 1707 1011 1849 1044; x_wconf 82' lang='lat' dir='ltr'>Camillo</span> <span class='ocrx_word' id='word_1_197' title='bbox 1874 1011 1929 1043; x_wconf 88' lang='lat' dir='ltr'>de-</span> 
     </span>
     <span class='ocr_line' id='line_1_19' title="bbox 191 1070 1236 1112; baseline 0 -10"><span class='ocrx_word' id='word_1_198' title='bbox 191 1071 276 1103; x_wconf 81' lang='lat' dir='ltr'>victi</span> <span class='ocrx_word' id='word_1_199' title='bbox 298 1074 394 1110; x_wconf 86' lang='lat' dir='ltr'>sunt,</span> <span class='ocrx_word' id='word_1_200' title='bbox 417 1070 570 1111; x_wconf 86' lang='lat' dir='ltr'>quamvis</span> <span class='ocrx_word' id='word_1_201' title='bbox 597 1070 705 1102; x_wconf 90' lang='lat' dir='ltr'>clades</span> <span class='ocrx_word' id='word_1_202' title='bbox 731 1070 867 1102; x_wconf 88' lang='lat' dir='ltr'>illorum</span> <span class='ocrx_word' id='word_1_203' title='bbox 890 1081 956 1102; x_wconf 90' lang='lat' dir='ltr'>non</span> <span class='ocrx_word' id='word_1_204' title='bbox 979 1081 1094 1112; x_wconf 83' lang='lat' dir='ltr'>magna</span> <span class='ocrx_word' id='word_1_205' title='bbox 1115 1071 1236 1108; x_wconf 81' lang='lat' dir='ltr'>fuerit3</span> 
     </span>
    </p>

    <p class='ocr_par' dir='ltr' id='par_1_5' title="bbox 191 1107 1929 1228">
     <span class='ocr_line' id='line_1_20' title="bbox 321 1107 1929 1161; baseline -0.001 -2"><span class='ocrx_word' id='word_1_206' title='bbox 321 1129 532 1160; x_wconf 85' lang='lat' dir='ltr'>Praenestini</span> <span class='ocrx_word' id='word_1_207' title='bbox 554 1128 741 1161; x_wconf 88' lang='lat' dir='ltr'>Veliternis</span> <span class='ocrx_word' id='word_1_208' title='bbox 771 1129 895 1160; x_wconf 78' lang='lat' dir='ltr'>auxilia</span> <span class='ocrx_word' id='word_1_209' title='bbox 927 1129 1090 1161; x_wconf 88' lang='lat' dir='ltr'>miserunt</span> <span class='ocrx_word' id='word_1_210' title='bbox 1119 1134 1150 1161; x_wconf 88' lang='lat' dir='ltr'>et</span> <span class='ocrx_word' id='word_1_211' title='bbox 1172 1140 1235 1161; x_wconf 87' lang='lat' dir='ltr'>una</span> <span class='ocrx_word' id='word_1_212' title='bbox 1262 1138 1336 1160; x_wconf 89' lang='lat' dir='ltr'>cum</span> <span class='ocrx_word' id='word_1_213' title='bbox 1362 1127 1434 1158; x_wconf 87' lang='lat' dir='ltr'>illis</span> <span class='ocrx_word' id='word_1_214' title='bbox 1457 1127 1496 1159; x_wconf 82' lang='lat' dir='ltr'>ad</span> <span class='ocrx_word' id='word_1_215' title='bbox 1519 1127 1669 1160; x_wconf 84' lang='lat' dir='ltr'>Velitras</span> <span class='ocrx_word' id='word_1_216' title='bbox 1688 1107 1854 1161; x_wconf 76' lang='lat' dir='ltr'>Romanos</span> <span class='ocrx_word' id='word_1_217' title='bbox 1875 1124 1929 1158; x_wconf 77' lang='lat' dir='ltr'>de-</span> 
     </span>
     <span class='ocr_line' id='line_1_21' title="bbox 191 1187 1071 1228; baseline 0 -10"><span class='ocrx_word' id='word_1_218' title='bbox 191 1188 347 1226; x_wconf 72' lang='lat' dir='ltr'>vincunt,</span> <span class='ocrx_word' id='word_1_219' title='bbox 374 1192 461 1217; x_wconf 86' lang='lat' dir='ltr'>certe</span> <span class='ocrx_word' id='word_1_220' title='bbox 483 1188 625 1227; x_wconf 79' lang='lat' dir='ltr'>ancipiti</span> <span class='ocrx_word' id='word_1_221' title='bbox 642 1187 770 1227; x_wconf 84' lang='lat' dir='ltr'>proelio</span> <span class='ocrx_word' id='word_1_222' title='bbox 788 1190 978 1228; x_wconf 71' lang='lat' dir='ltr'>pugnatum</span> <span class='ocrx_word' id='word_1_223' title='bbox 1001 1190 1071 1223; x_wconf 69' lang='grc' dir='ltr'>θείς</span> 
     </span>
    </p>

    <p class='ocr_par' dir='ltr' id='par_1_6' title="bbox 192 1233 1930 1341">
     <span class='ocr_line' id='line_1_22' title="bbox 321 1233 1930 1286; baseline -0.002 -11"><span class='ocrx_word' id='word_1_224' title='bbox 321 1244 555 1276; x_wconf 85' lang='lat' dir='ltr'>Praenestinos</span> <span class='ocrx_word' id='word_1_225' title='bbox 575 1244 709 1275; x_wconf 86' lang='lat' dir='ltr'>Romam</span> <span class='ocrx_word' id='word_1_226' title='bbox 731 1244 835 1286; x_wconf 84' lang='lat' dir='ltr'>ipsam</span> <span class='ocrx_word' id='word_1_227' title='bbox 861 1244 1073 1285; x_wconf 80' lang='lat' dir='ltr'>adgressuros</span> <span class='ocrx_word' id='word_1_228' title='bbox 1095 1253 1163 1275; x_wconf 86' lang='lat' dir='ltr'>esse</span> <span class='ocrx_word' id='word_1_229' title='bbox 1186 1243 1269 1275; x_wconf 81' lang='lat' dir='ltr'>fama</span> <span class='ocrx_word' id='word_1_230' title='bbox 1288 1242 1497 1285; x_wconf 82' lang='lat' dir='ltr'>percrebuit;</span> <span class='ocrx_word' id='word_1_231' title='bbox 1517 1242 1601 1284; x_wconf 83' lang='lat' dir='ltr'>ipsis</span> <span class='ocrx_word' id='word_1_232' title='bbox 1619 1233 1708 1274; x_wconf 65' lang='lat' dir='ltr'>arma</span> <span class='ocrx_word' id='word_1_233' title='bbox 1725 1241 1930 1273; x_wconf 81' lang='lat' dir='ltr'>intentantur</span> 
     </span>
     <span class='ocr_line' id='line_1_23' title="bbox 192 1302 1150 1341; baseline -0.001 -7"><span class='ocrx_word' id='word_1_234' title='bbox 192 1314 209 1334; x_wconf 95' lang='lat' dir='ltr'>a</span> <span class='ocrx_word' id='word_1_235' title='bbox 228 1302 382 1333; x_wconf 85' lang='lat' dir='ltr'>Romanis</span> <span class='ocrx_word' id='word_1_236' title='bbox 404 1307 436 1332; x_wconf 84' lang='lat' dir='ltr'>et</span> <span class='ocrx_word' id='word_1_237' title='bbox 458 1313 620 1332; x_wconf 88' lang='lat' dir='ltr'>novarum</span> <span class='ocrx_word' id='word_1_238' title='bbox 644 1302 809 1341; x_wconf 83' lang='lat' dir='ltr'>legionum</span> <span class='ocrx_word' id='word_1_239' title='bbox 834 1302 979 1333; x_wconf 83' lang='lat' dir='ltr'>delectus</span> <span class='ocrx_word' id='word_1_240' title='bbox 1002 1302 1150 1334; x_wconf 61' lang='lat' dir='ltr'>habetur.</span> 
     </span>
    </p>

    <p class='ocr_par' dir='ltr' id='par_1_7' title="bbox 190 1355 1930 1853">
     <span class='ocr_line' id='line_1_24' title="bbox 323 1355 1930 1403; baseline -0.003 -16"><span class='ocrx_word' id='word_1_241' title='bbox 323 1358 432 1389; x_wconf 87' lang='lat' dir='ltr'>Huius</span> <span class='ocrx_word' id='word_1_242' title='bbox 454 1356 591 1387; x_wconf 85' lang='lat' dir='ltr'>alterius</span> <span class='ocrx_word' id='word_1_243' title='bbox 615 1355 697 1386; x_wconf 90' lang='lat' dir='ltr'>belli</span> <span class='ocrx_word' id='word_1_244' title='bbox 719 1367 813 1387; x_wconf 88' lang='lat' dir='ltr'>causa</span> <span class='ocrx_word' id='word_1_245' title='bbox 837 1356 929 1387; x_wconf 61' lang='lat' dir='ltr'>nu&#39;ll&#39;a⁴</span> <span class='ocrx_word' id='word_1_246' title='bbox 950 1357 1243 1403; x_wconf 48' lang='lat' dir='ltr'>invenir&#39;ffipotest,</span> <span class='ocrx_word' id='word_1_247' title='bbox 1267 1357 1297 1387; x_wconf 87' lang='lat' dir='ltr'>si</span> <span class='ocrx_word' id='word_1_248' title='bbox 1313 1356 1450 1387; x_wconf 90' lang='lat' dir='ltr'>Livium</span> <span class='ocrx_word' id='word_1_249' title='bbox 1473 1360 1637 1385; x_wconf 86' lang='lat' dir='ltr'>auctorem</span> <span class='ocrx_word' id='word_1_250' title='bbox 1653 1355 1840 1393; x_wconf 67' lang='lat' dir='ltr'>sequimur,</span> <span class='ocrx_word' id='word_1_251' title='bbox 1865 1363 1930 1383; x_wconf 88' lang='lat' dir='ltr'>non</span> 
     </span>
     <span class='ocr_line' id='line_1_25' title="bbox 193 1406 1928 1455; baseline -0.002 -10"><span class='ocrx_word' id='word_1_252' title='bbox 193 1415 279 1446; x_wconf 87' lang='lat' dir='ltr'>enim</span> <span class='ocrx_word' id='word_1_253' title='bbox 303 1419 351 1444; x_wconf 86' lang='lat' dir='ltr'>est</span> <span class='ocrx_word' id='word_1_254' title='bbox 375 1414 501 1443; x_wconf 87' lang='lat' dir='ltr'>devicti</span> <span class='ocrx_word' id='word_1_255' title='bbox 524 1413 638 1452; x_wconf 81' lang='lat' dir='ltr'>populi</span> <span class='ocrx_word' id='word_1_256' title='bbox 663 1413 852 1450; x_wconf 80' lang='lat' dir='ltr'>consilium,</span> <span class='ocrx_word' id='word_1_257' title='bbox 877 1414 933 1441; x_wconf 84' lang='lat' dir='ltr'>sed</span> <span class='ocrx_word' id='word_1_258' title='bbox 960 1415 1030 1455; x_wconf 75' lang='lat' dir='ltr'>eins</span> <span class='ocrx_word' id='word_1_259' title='bbox 1051 1406 1108 1451; x_wconf 67' lang='lat' dir='ltr'>qui</span> <span class='ocrx_word' id='word_1_260' title='bbox 1132 1411 1311 1440; x_wconf 84' lang='lat' dir='ltr'>victoriam</span> <span class='ocrx_word' id='word_1_261' title='bbox 1337 1409 1572 1450; x_wconf 84' lang='lat' dir='ltr'>reportaverit,</span> <span class='ocrx_word' id='word_1_262' title='bbox 1598 1409 1763 1450; x_wconf 86' lang='lat' dir='ltr'>imprimis</span> <span class='ocrx_word' id='word_1_263' title='bbox 1786 1409 1816 1441; x_wconf 93' lang='lat' dir='ltr'>si</span> <span class='ocrx_word' id='word_1_264' title='bbox 1840 1420 1928 1452; x_wconf 87' lang='lat' dir='ltr'>sum-</span> 
     </span>
     <span class='ocr_line' id='line_1_26' title="bbox 190 1464 1929 1508; baseline -0.003 -6"><span class='ocrx_word' id='word_1_265' title='bbox 190 1482 241 1502; x_wconf 81' lang='lat' dir='ltr'>ma</span> <span class='ocrx_word' id='word_1_266' title='bbox 263 1469 559 1501; x_wconf 77' lang='lat' dir='ltr'>Praenestinorum</span> <span class='ocrx_word' id='word_1_267' title='bbox 582 1467 700 1497; x_wconf 87' lang='lat' dir='ltr'>fiducia</span> <span class='ocrx_word' id='word_1_268' title='bbox 723 1472 909 1506; x_wconf 86' lang='lat' dir='ltr'>spectatur,</span> <span class='ocrx_word' id='word_1_269' title='bbox 933 1477 1029 1506; x_wconf 86' lang='lat' dir='ltr'>quam</span> <span class='ocrx_word' id='word_1_270' title='bbox 1052 1471 1123 1497; x_wconf 90' lang='lat' dir='ltr'>toto</span> <span class='ocrx_word' id='word_1_271' title='bbox 1146 1466 1207 1496; x_wconf 84' lang='lat' dir='ltr'>hoc</span> <span class='ocrx_word' id='word_1_272' title='bbox 1227 1464 1316 1496; x_wconf 87' lang='lat' dir='ltr'>bello</span> <span class='ocrx_word' id='word_1_273' title='bbox 1339 1465 1567 1499; x_wconf 78' lang='lat' dir='ltr'>exhibuerunt.</span> <span class='ocrx_word' id='word_1_274' title='bbox 1613 1466 1729 1508; x_wconf 88' lang='lat' dir='ltr'>Neque</span> <span class='ocrx_word' id='word_1_275' title='bbox 1750 1467 1837 1498; x_wconf 91' lang='lat' dir='ltr'>enim</span> <span class='ocrx_word' id='word_1_276' title='bbox 1863 1468 1929 1498; x_wconf 87' lang='lat' dir='ltr'>iam</span> 
     </span>
     <span class='ocr_line' id='line_1_27' title="bbox 190 1519 1930 1567; baseline -0.002 -8"><span class='ocrx_word' id='word_1_277' title='bbox 190 1538 228 1559; x_wconf 86' lang='lat' dir='ltr'>eo</span> <span class='ocrx_word' id='word_1_278' title='bbox 249 1532 408 1567; x_wconf 86' lang='lat' dir='ltr'>tempore,</span> <span class='ocrx_word' id='word_1_279' title='bbox 431 1534 495 1565; x_wconf 82' lang='lat' dir='ltr'>quo</span> <span class='ocrx_word' id='word_1_280' title='bbox 517 1534 556 1554; x_wconf 88' lang='lat' dir='ltr'>ex</span> <span class='ocrx_word' id='word_1_281' title='bbox 582 1522 702 1563; x_wconf 90' lang='lat' dir='ltr'>oppido</span> <span class='ocrx_word' id='word_1_282' title='bbox 725 1519 858 1554; x_wconf 72' lang='lat' dir='ltr'>Roma&#39;m</span> <span class='ocrx_word' id='word_1_283' title='bbox 884 1523 1025 1563; x_wconf 86' lang='lat' dir='ltr'>profecti</span> <span class='ocrx_word' id='word_1_284' title='bbox 1050 1527 1140 1562; x_wconf 88' lang='lat' dir='ltr'>sunt,</span> <span class='ocrx_word' id='word_1_285' title='bbox 1163 1521 1315 1553; x_wconf 87' lang='lat' dir='ltr'>nuntium</span> <span class='ocrx_word' id='word_1_286' title='bbox 1339 1527 1528 1562; x_wconf 86' lang='lat' dir='ltr'>acceperant</span> <span class='ocrx_word' id='word_1_287' title='bbox 1550 1522 1684 1554; x_wconf 82' lang='lat' dir='ltr'>dissidii</span> <span class='ocrx_word' id='word_1_288' title='bbox 1702 1523 1819 1555; x_wconf 90' lang='lat' dir='ltr'>Romae</span> <span class='ocrx_word' id='word_1_289' title='bbox 1841 1524 1930 1555; x_wconf 87' lang='lat' dir='ltr'>inter</span> 
     </span>
     <span class='ocr_line' id='line_1_28' title="bbox 191 1579 1929 1626; baseline -0.002 -11"><span class='ocrx_word' id='word_1_290' title='bbox 191 1589 302 1626; x_wconf 87' lang='lat' dir='ltr'>patres</span> <span class='ocrx_word' id='word_1_291' title='bbox 324 1594 360 1614; x_wconf 89' lang='lat' dir='ltr'>ac</span> <span class='ocrx_word' id='word_1_292' title='bbox 382 1581 535 1613; x_wconf 86' lang='lat' dir='ltr'>tribunos</span> <span class='ocrx_word' id='word_1_293' title='bbox 554 1580 663 1611; x_wconf 85' lang='lat' dir='ltr'>exorti</span> <span class='ocrx_word' id='word_1_294' title='bbox 678 1581 713 1619; x_wconf 93' lang='lat'>¹).</span> <span class='ocrx_word' id='word_1_295' title='bbox 760 1581 886 1611; x_wconf 85' lang='lat' dir='ltr'>Verum</span> <span class='ocrx_word' id='word_1_296' title='bbox 909 1579 1032 1611; x_wconf 86' lang='lat' dir='ltr'>Livius</span> <span class='ocrx_word' id='word_1_297' title='bbox 1053 1580 1169 1612; x_wconf 86' lang='lat' dir='ltr'>varios</span> <span class='ocrx_word' id='word_1_298' title='bbox 1190 1583 1339 1610; x_wconf 88' lang='lat' dir='ltr'>auctores</span> <span class='ocrx_word' id='word_1_299' title='bbox 1363 1584 1519 1620; x_wconf 86' lang='lat' dir='ltr'>sequutus</span> <span class='ocrx_word' id='word_1_300' title='bbox 1538 1590 1608 1611; x_wconf 88' lang='lat' dir='ltr'>esse</span> <span class='ocrx_word' id='word_1_301' title='bbox 1620 1581 1767 1621; x_wconf 88' lang='lat' dir='ltr'>videtur,</span> <span class='ocrx_word' id='word_1_302' title='bbox 1791 1591 1929 1622; x_wconf 90' lang='lat' dir='ltr'>quorum</span> 
     </span>
     <span class='ocr_line' id='line_1_29' title="bbox 194 1636 1929 1680; baseline -0.002 -8"><span class='ocrx_word' id='word_1_303' title='bbox 194 1642 279 1672; x_wconf 86' lang='lat' dir='ltr'>alter</span> <span class='ocrx_word' id='word_1_304' title='bbox 301 1649 442 1680; x_wconf 82' lang='lat' dir='ltr'>pugnam</span> <span class='ocrx_word' id='word_1_305' title='bbox 464 1642 576 1669; x_wconf 88' lang='lat' dir='ltr'>contra</span> <span class='ocrx_word' id='word_1_306' title='bbox 600 1637 794 1668; x_wconf 87' lang='lat' dir='ltr'>Veliternos</span> <span class='ocrx_word' id='word_1_307' title='bbox 817 1642 847 1668; x_wconf 87' lang='lat' dir='ltr'>et</span> <span class='ocrx_word' id='word_1_308' title='bbox 870 1638 1115 1677; x_wconf 85' lang='lat' dir='ltr'>Praenestinos,</span> <span class='ocrx_word' id='word_1_309' title='bbox 1141 1637 1226 1668; x_wconf 86' lang='lat' dir='ltr'>alter</span> <span class='ocrx_word' id='word_1_310' title='bbox 1248 1636 1372 1666; x_wconf 88' lang='lat' dir='ltr'>bellum</span> <span class='ocrx_word' id='word_1_311' title='bbox 1393 1641 1507 1667; x_wconf 88' lang='lat' dir='ltr'>contra</span> <span class='ocrx_word' id='word_1_312' title='bbox 1526 1637 1665 1668; x_wconf 88' lang='lat' dir='ltr'>Volscos</span> <span class='ocrx_word' id='word_1_313' title='bbox 1686 1643 1718 1669; x_wconf 88' lang='lat' dir='ltr'>et</span> <span class='ocrx_word' id='word_1_314' title='bbox 1740 1638 1929 1670; x_wconf 86' lang='lat' dir='ltr'>Praenesti-</span> 
     </span>
     <span class='ocr_line' id='line_1_30' title="bbox 194 1692 1930 1736; baseline -0.002 -6"><span class='ocrx_word' id='word_1_315' title='bbox 194 1709 254 1730; x_wconf 89' lang='lat' dir='ltr'>nos</span> <span class='ocrx_word' id='word_1_316' title='bbox 276 1697 448 1729; x_wconf 88' lang='lat' dir='ltr'>enarravit</span> <span class='ocrx_word' id='word_1_317' title='bbox 472 1700 504 1727; x_wconf 85' lang='lat' dir='ltr'>et</span> <span class='ocrx_word' id='word_1_318' title='bbox 527 1704 665 1736; x_wconf 90' lang='lat' dir='ltr'>quorum</span> <span class='ocrx_word' id='word_1_319' title='bbox 688 1698 824 1736; x_wconf 83' lang='lat' dir='ltr'>uterque</span> <span class='ocrx_word' id='word_1_320' title='bbox 852 1695 888 1726; x_wconf 87' lang='lat' dir='ltr'>in</span> <span class='ocrx_word' id='word_1_321' title='bbox 909 1694 1077 1736; x_wconf 89' lang='lat' dir='ltr'>principio</span> <span class='ocrx_word' id='word_1_322' title='bbox 1098 1693 1220 1726; x_wconf 87' lang='lat' dir='ltr'>bellum</span> <span class='ocrx_word' id='word_1_323' title='bbox 1233 1692 1460 1725; x_wconf 87' lang='lat' dir='ltr'>Praenestinis</span> <span class='ocrx_word' id='word_1_324' title='bbox 1476 1704 1494 1725; x_wconf 85' lang='lat' dir='ltr'>a</span> <span class='ocrx_word' id='word_1_325' title='bbox 1507 1693 1663 1726; x_wconf 89' lang='lat' dir='ltr'>Romanis</span> <span class='ocrx_word' id='word_1_326' title='bbox 1685 1695 1845 1726; x_wconf 90' lang='lat' dir='ltr'>indictum</span> <span class='ocrx_word' id='word_1_327' title='bbox 1861 1706 1930 1727; x_wconf 88' lang='lat' dir='ltr'>esse</span> 
     </span>
     <span class='ocr_line' id='line_1_31' title="bbox 194 1751 1927 1795; baseline -0.001 -9"><span class='ocrx_word' id='word_1_328' title='bbox 194 1755 355 1786; x_wconf 85' lang='lat' dir='ltr'>exhibuit.</span> <span class='ocrx_word' id='word_1_329' title='bbox 402 1754 512 1794; x_wconf 85' lang='lat' dir='ltr'>Atque</span> <span class='ocrx_word' id='word_1_330' title='bbox 534 1752 618 1793; x_wconf 85' lang='lat' dir='ltr'>apud</span> <span class='ocrx_word' id='word_1_331' title='bbox 641 1751 779 1783; x_wconf 81' lang='lat' dir='ltr'>Livium</span> <span class='ocrx_word' id='word_1_332' title='bbox 810 1752 918 1793; x_wconf 86' lang='lat' dir='ltr'>ipsum</span> <span class='ocrx_word' id='word_1_333' title='bbox 948 1757 1075 1784; x_wconf 88' lang='lat' dir='ltr'>certum</span> <span class='ocrx_word' id='word_1_334' title='bbox 1105 1757 1136 1784; x_wconf 85' lang='lat' dir='ltr'>et</span> <span class='ocrx_word' id='word_1_335' title='bbox 1166 1752 1324 1784; x_wconf 80' lang='lat' dir='ltr'>eximium</span> <span class='ocrx_word' id='word_1_336' title='bbox 1354 1751 1452 1782; x_wconf 87' lang='lat' dir='ltr'>huius</span> <span class='ocrx_word' id='word_1_337' title='bbox 1478 1751 1716 1784; x_wconf 82' lang='lat' dir='ltr'>emendationis</span> <span class='ocrx_word' id='word_1_338' title='bbox 1747 1753 1927 1795; x_wconf 84' lang='lat' dir='ltr'>vestigium</span> 
     </span>
     <span class='ocr_line' id='line_1_32' title="bbox 194 1812 422 1853; baseline 0 -9"><span class='ocrx_word' id='word_1_339' title='bbox 194 1812 369 1853; x_wconf 82' lang='lat' dir='ltr'>indagatur</span> <span class='ocrx_word' id='word_1_340' title='bbox 384 1812 422 1852; x_wconf 86' lang='lat'>²).</span> 
     </span>
    </p>
   </div>
   <div class='ocr_carea' id='block_1_4' title="bbox 231 1924 1926 2311">
    <p class='ocr_par' dir='ltr' id='par_1_8' title="bbox 271 1924 1925 2019">
     <span class='ocr_line' id='line_1_33' title="bbox 271 1924 1925 1964; baseline -0.002 -7"><span class='ocrx_word' id='word_1_341' title='bbox 271 1928 406 1957; x_wconf 87' lang='lat' dir='ltr'>hostibus</span> <span class='ocrx_word' id='word_1_342' title='bbox 429 1926 486 1955; x_wconf 83' lang='lat' dir='ltr'>iam</span> <span class='ocrx_word' id='word_1_343' title='bbox 507 1934 627 1963; x_wconf 88' lang='lat' dir='ltr'>prorsus</span> <span class='ocrx_word' id='word_1_344' title='bbox 648 1924 775 1955; x_wconf 87' lang='lat' dir='ltr'>devictis</span> <span class='ocrx_word' id='word_1_345' title='bbox 796 1925 988 1955; x_wconf 82' lang='lat' dir='ltr'>Cincinnatus</span> <span class='ocrx_word' id='word_1_346' title='bbox 1009 1931 1111 1964; x_wconf 85' lang='lat' dir='ltr'>postea</span> <span class='ocrx_word' id='word_1_347' title='bbox 1131 1925 1162 1955; x_wconf 87' lang='lat' dir='ltr'>vi</span> <span class='ocrx_word' id='word_1_348' title='bbox 1183 1926 1366 1963; x_wconf 80' lang='lat' dir='ltr'>expugnavit</span> <span class='ocrx_word' id='word_1_349' title='bbox 1393 1927 1449 1962; x_wconf 83' lang='lat' dir='ltr'>VI,</span> <span class='ocrx_word' id='word_1_350' title='bbox 1470 1926 1519 1962; x_wconf 79' lang='lat'>29,</span> <span class='ocrx_word' id='word_1_351' title='bbox 1541 1925 1571 1956; x_wconf 81' lang='lat'>6.</span> <span class='ocrx_word' id='word_1_352' title='bbox 1613 1925 1658 1956; x_wconf 81' lang='lat' dir='ltr'>Cf.</span> <span class='ocrx_word' id='word_1_353' title='bbox 1680 1925 1717 1954; x_wconf 88' lang='lat' dir='ltr'>de</span> <span class='ocrx_word' id='word_1_354' title='bbox 1742 1924 1786 1953; x_wconf 80' lang='lat' dir='ltr'>ira</span> <span class='ocrx_word' id='word_1_355' title='bbox 1805 1925 1925 1954; x_wconf 82' lang='lat' dir='ltr'>Roman.</span> 
     </span>
     <span class='ocr_line' id='line_1_34' title="bbox 271 1973 1405 2019; baseline -0.001 -13"><span class='ocrx_word' id='word_1_356' title='bbox 271 1980 302 2006; x_wconf 90' lang='lat' dir='ltr'>in</span> <span class='ocrx_word' id='word_1_357' title='bbox 322 1979 416 2007; x_wconf 85' lang='lat' dir='ltr'>Velit.</span> <span class='ocrx_word' id='word_1_358' title='bbox 440 1978 496 2010; x_wconf 83' lang='lat' dir='ltr'>vl,</span> <span class='ocrx_word' id='word_1_359' title='bbox 518 1978 566 2010; x_wconf 87' lang='grc'>21,</span> <span class='ocrx_word' id='word_1_360' title='bbox 587 1977 616 2006; x_wconf 85' lang='grc'>3.</span> <span class='ocrx_word' id='word_1_361' title='bbox 671 1973 674 1976; x_wconf 72' lang='grc'><strong>’</strong></span> <span class='ocrx_word' id='word_1_362' title='bbox 1401 2014 1405 2019; x_wconf 41' lang='grc'><em>.</em></span> 
     </span>
    </p>

    <p class='ocr_par' dir='ltr' id='par_1_9' title="bbox 233 2021 1549 2064">
     <span class='ocr_line' id='line_1_35' title="bbox 233 2021 1549 2064; baseline -0.001 -9"><span class='ocrx_word' id='word_1_363' title='bbox 233 2026 259 2064; x_wconf 83' lang='lat'>¹)</span> <span class='ocrx_word' id='word_1_364' title='bbox 282 2021 416 2061; x_wconf 54' lang='lat' dir='ltr'>Id&#39;quod</span> <span class='ocrx_word' id='word_1_365' title='bbox 439 2026 512 2053; x_wconf 85' lang='lat' dir='ltr'>falso</span> <span class='ocrx_word' id='word_1_366' title='bbox 535 2026 686 2054; x_wconf 80' lang='lat' dir='ltr'>contendit</span> <span class='ocrx_word' id='word_1_367' title='bbox 706 2026 809 2064; x_wconf 87' lang='lat' dir='ltr'>Nibby</span> <span class='ocrx_word' id='word_1_368' title='bbox 826 2027 845 2054; x_wconf 88' lang='lat' dir='ltr'>l.</span> <span class='ocrx_word' id='word_1_369' title='bbox 860 2027 880 2056; x_wconf 86' lang='grc'>1.</span> <span class='ocrx_word' id='word_1_370' title='bbox 904 2037 933 2063; x_wconf 84' lang='lat' dir='ltr'>p.</span> <span class='ocrx_word' id='word_1_371' title='bbox 954 2027 1024 2056; x_wconf 84' lang='grc'>266.</span> <span class='ocrx_word' id='word_1_372' title='bbox 1069 2027 1112 2054; x_wconf 78' lang='lat' dir='ltr'>Cf.</span> <span class='ocrx_word' id='word_1_373' title='bbox 1135 2026 1203 2055; x_wconf 83' lang='lat' dir='ltr'>Liv.</span> <span class='ocrx_word' id='word_1_374' title='bbox 1228 2026 1283 2060; x_wconf 83' lang='lat' dir='ltr'>VI,</span> <span class='ocrx_word' id='word_1_375' title='bbox 1305 2026 1354 2059; x_wconf 81' lang='lat'>27,</span> <span class='ocrx_word' id='word_1_376' title='bbox 1377 2028 1428 2060; x_wconf 88' lang='lat'>11;</span> <span class='ocrx_word' id='word_1_377' title='bbox 1450 2027 1499 2060; x_wconf 85' lang='lat'>28,</span> <span class='ocrx_word' id='word_1_378' title='bbox 1525 2028 1549 2055; x_wconf 90' lang='grc' dir='ltr'>Ι.</span> 
     </span>
    </p>

    <p class='ocr_par' dir='ltr' id='par_1_10' title="bbox 231 2074 1926 2311">
     <span class='ocr_line' id='line_1_36' title="bbox 231 2074 1926 2115; baseline -0.001 -8"><span class='ocrx_word' id='word_1_379' title='bbox 231 2074 258 2115; x_wconf 85' lang='lat'>2)</span> <span class='ocrx_word' id='word_1_380' title='bbox 280 2078 348 2107; x_wconf 83' lang='lat' dir='ltr'>Liv.</span> <span class='ocrx_word' id='word_1_381' title='bbox 371 2077 426 2110; x_wconf 89' lang='lat' dir='ltr'>Vl,</span> <span class='ocrx_word' id='word_1_382' title='bbox 448 2076 497 2111; x_wconf 83' lang='lat'>27,</span> <span class='ocrx_word' id='word_1_383' title='bbox 519 2075 538 2106; x_wconf 94' lang='lat'><strong>7</strong></span> <span class='ocrx_word' id='word_1_384' title='bbox 560 2076 693 2106; x_wconf 87' lang='lat' dir='ltr'>tribunos</span> <span class='ocrx_word' id='word_1_385' title='bbox 712 2082 867 2113; x_wconf 85' lang='lat' dir='ltr'>querentes</span> <span class='ocrx_word' id='word_1_386' title='bbox 888 2077 973 2106; x_wconf 78' lang='lat' dir='ltr'>facit:</span> <span class='ocrx_word' id='word_1_387' title='bbox 996 2076 1104 2115; x_wconf 89' lang='lat' dir='ltr'>passim</span> <span class='ocrx_word' id='word_1_388' title='bbox 1128 2076 1184 2105; x_wconf 85' lang='lat' dir='ltr'>iam</span> <span class='ocrx_word' id='word_1_389' title='bbox 1205 2076 1270 2105; x_wconf 91' lang='lat' dir='ltr'>sine</span> <span class='ocrx_word' id='word_1_390' title='bbox 1282 2077 1344 2104; x_wconf 90' lang='lat' dir='ltr'>ullo</span> <span class='ocrx_word' id='word_1_391' title='bbox 1356 2076 1528 2105; x_wconf 79' lang='lat' dir='ltr'>discrimine</span> <span class='ocrx_word' id='word_1_392' title='bbox 1547 2076 1625 2105; x_wconf 76' lang='lat' dir='ltr'>bella</span> <span class='ocrx_word' id='word_1_393' title='bbox 1645 2074 1763 2112; x_wconf 81' lang='lat' dir='ltr'>quaeri:</span> <span class='ocrx_word' id='word_1_394' title='bbox 1785 2075 1838 2104; x_wconf 79' lang='lat' dir='ltr'>Ab</span> <span class='ocrx_word' id='word_1_395' title='bbox 1857 2076 1926 2105; x_wconf 82' lang='lat' dir='ltr'>An-</span> 
     </span>
     <span class='ocr_line' id='line_1_37' title="bbox 266 2126 1926 2161; baseline 0 -6"><span class='ocrx_word' id='word_1_396' title='bbox 266 2128 324 2155; x_wconf 90' lang='lat' dir='ltr'>tio</span> <span class='ocrx_word' id='word_1_397' title='bbox 354 2126 567 2158; x_wconf 87' lang='lat' dir='ltr'>Satricum,</span> <span class='ocrx_word' id='word_1_398' title='bbox 592 2127 634 2152; x_wconf 90' lang='lat' dir='ltr'>ab</span> <span class='ocrx_word' id='word_1_399' title='bbox 662 2126 816 2154; x_wconf 87' lang='lat' dir='ltr'>Satrico</span> <span class='ocrx_word' id='word_1_400' title='bbox 843 2126 1040 2160; x_wconf 83' lang='lat' dir='ltr'>Velitras,</span> <span class='ocrx_word' id='word_1_401' title='bbox 1062 2127 1131 2154; x_wconf 85' lang='lat' dir='ltr'>inde</span> <span class='ocrx_word' id='word_1_402' title='bbox 1151 2128 1308 2154; x_wconf 81' lang='lat' dir='ltr'>Tuscutum</span> <span class='ocrx_word' id='word_1_403' title='bbox 1329 2128 1464 2161; x_wconf 81' lang='lat' dir='ltr'>legiones</span> <span class='ocrx_word' id='word_1_404' title='bbox 1488 2128 1602 2156; x_wconf 74' lang='lat' dir='ltr'>ductae.</span> <span class='ocrx_word' id='word_1_405' title='bbox 1645 2127 1744 2161; x_wconf 83' lang='lat' dir='ltr'>Igitur</span> <span class='ocrx_word' id='word_1_406' title='bbox 1770 2127 1926 2155; x_wconf 85' lang='lat' dir='ltr'>secundum</span> 
     </span>
     <span class='ocr_line' id='line_1_38' title="bbox 264 2167 1924 2213; baseline -0.001 -9"><span class='ocrx_word' id='word_1_407' title='bbox 264 2177 341 2204; x_wconf 86' lang='lat' dir='ltr'>hunc</span> <span class='ocrx_word' id='word_1_408' title='bbox 363 2175 459 2204; x_wconf 90' lang='lat' dir='ltr'>locum</span> <span class='ocrx_word' id='word_1_409' title='bbox 482 2183 579 2212; x_wconf 83' lang='lat' dir='ltr'>pugna</span> <span class='ocrx_word' id='word_1_410' title='bbox 600 2175 635 2202; x_wconf 86' lang='lat' dir='ltr'>ad</span> <span class='ocrx_word' id='word_1_411' title='bbox 657 2174 801 2203; x_wconf 83' lang='lat' dir='ltr'>Satricum</span> <span class='ocrx_word' id='word_1_412' title='bbox 821 2174 895 2212; x_wconf 78' lang='lat' dir='ltr'>(vl,</span> <span class='ocrx_word' id='word_1_413' title='bbox 916 2176 972 2209; x_wconf 81' lang='lat'>22,</span> <span class='ocrx_word' id='word_1_414' title='bbox 994 2175 1027 2211; x_wconf 84' lang='grc'>8)</span> <span class='ocrx_word' id='word_1_415' title='bbox 1054 2175 1208 2204; x_wconf 81' lang='lat' dir='ltr'>commissa</span> <span class='ocrx_word' id='word_1_416' title='bbox 1232 2181 1276 2204; x_wconf 82' lang='lat' dir='ltr'>est</span> <span class='ocrx_word' id='word_1_417' title='bbox 1303 2181 1369 2204; x_wconf 88' lang='lat' dir='ltr'>ante</span> <span class='ocrx_word' id='word_1_418' title='bbox 1396 2184 1520 2213; x_wconf 75' lang='lat' dir='ltr'>pugnam</span> <span class='ocrx_word' id='word_1_419' title='bbox 1541 2175 1577 2203; x_wconf 83' lang='lat' dir='ltr'>ad</span> <span class='ocrx_word' id='word_1_420' title='bbox 1598 2175 1730 2205; x_wconf 81' lang='lat' dir='ltr'>Velitras</span> <span class='ocrx_word' id='word_1_421' title='bbox 1751 2175 1806 2208; x_wconf 81' lang='lat' dir='ltr'>Vl,</span> <span class='ocrx_word' id='word_1_422' title='bbox 1827 2167 1876 2208; x_wconf 76' lang='lat'>22,</span> <span class='ocrx_word' id='word_1_423' title='bbox 1896 2174 1924 2203; x_wconf 89' lang='grc'>2.</span> 
     </span>
     <span class='ocr_line' id='line_1_39' title="bbox 266 2225 1926 2261; baseline 0 -9"><span class='ocrx_word' id='word_1_424' title='bbox 266 2226 347 2254; x_wconf 87' lang='lat' dir='ltr'>Plut.</span> <span class='ocrx_word' id='word_1_425' title='bbox 370 2226 486 2254; x_wconf 87' lang='lat' dir='ltr'>Camill.</span> <span class='ocrx_word' id='word_1_426' title='bbox 508 2226 549 2256; x_wconf 84' lang='lat'>37</span> <span class='ocrx_word' id='word_1_427' title='bbox 571 2232 709 2258; x_wconf 81' lang='lat' dir='ltr'>testatur,</span> <span class='ocrx_word' id='word_1_428' title='bbox 732 2226 855 2261; x_wconf 87' lang='lat' dir='ltr'>primum</span> <span class='ocrx_word' id='word_1_429' title='bbox 876 2227 1087 2254; x_wconf 83' lang='lat' dir='ltr'>Praenestinos</span> <span class='ocrx_word' id='word_1_430' title='bbox 1109 2235 1165 2254; x_wconf 74' lang='lat' dir='ltr'>una</span> <span class='ocrx_word' id='word_1_431' title='bbox 1184 2235 1247 2254; x_wconf 88' lang='lat' dir='ltr'>cum</span> <span class='ocrx_word' id='word_1_432' title='bbox 1271 2227 1393 2255; x_wconf 85' lang='lat' dir='ltr'>Volscis</span> <span class='ocrx_word' id='word_1_433' title='bbox 1422 2236 1439 2254; x_wconf 80' lang='lat' dir='ltr'>a</span> <span class='ocrx_word' id='word_1_434' title='bbox 1459 2236 1530 2255; x_wconf 85' lang='lat' dir='ltr'>sene</span> <span class='ocrx_word' id='word_1_435' title='bbox 1549 2227 1674 2255; x_wconf 75' lang='lat' dir='ltr'>Camillo</span> <span class='ocrx_word' id='word_1_436' title='bbox 1696 2225 1828 2254; x_wconf 82' lang='lat' dir='ltr'>devictos</span> <span class='ocrx_word' id='word_1_437' title='bbox 1850 2234 1926 2258; x_wconf 81' lang='lat' dir='ltr'>esse,</span> 
     </span>
     <span class='ocr_line' id='line_1_40' title="bbox 266 2266 1926 2311; baseline 0 -9"><span class='ocrx_word' id='word_1_438' title='bbox 266 2280 295 2302; x_wconf 88' lang='lat' dir='ltr'>et</span> <span class='ocrx_word' id='word_1_439' title='bbox 315 2274 434 2308; x_wconf 85' lang='lat' dir='ltr'>deinde,</span> <span class='ocrx_word' id='word_1_440' title='bbox 456 2285 545 2310; x_wconf 90' lang='lat' dir='ltr'>quum</span> <span class='ocrx_word' id='word_1_441' title='bbox 567 2276 694 2311; x_wconf 70' lang='lat' dir='ltr'>pu&#39;gn‘am</span> <span class='ocrx_word' id='word_1_442' title='bbox 706 2274 742 2301; x_wconf 81' lang='lat' dir='ltr'>ad</span> <span class='ocrx_word' id='word_1_443' title='bbox 763 2275 896 2303; x_wconf 85' lang='lat' dir='ltr'>Velitras</span> <span class='ocrx_word' id='word_1_444' title='bbox 920 2275 1099 2304; x_wconf 85' lang='lat' dir='ltr'>commissam</span> <span class='ocrx_word' id='word_1_445' title='bbox 1119 2276 1237 2304; x_wconf 87' lang='lat' dir='ltr'>omnino</span> <span class='ocrx_word' id='word_1_446' title='bbox 1256 2285 1312 2303; x_wconf 89' lang='lat' dir='ltr'>non</span> <span class='ocrx_word' id='word_1_447' title='bbox 1331 2277 1608 2310; x_wconf 60' lang='lat' dir='ltr'>commemoraverit,</span> <span class='ocrx_word' id='word_1_448' title='bbox 1630 2277 1740 2304; x_wconf 78' lang='lat' dir='ltr'>cladem</span> <span class='ocrx_word' id='word_1_449' title='bbox 1758 2266 1926 2303; x_wconf 75' lang='lat' dir='ltr'>coionorum</span> 
     </span>
    </p>
   </div>
  </div>
 </body>
</html>
