2208 2709
1037 45 1089 82 22

199 166 265 206 ipsi
291 166 328 197 in
358 167 455 198 bellis
478 174 559 206 quae
581 169 765 207 sequuntur
786 165 891 197 libera
912 171 1052 197 utuntur
1073 167 1225 199 civitatis
1249 167 1457 208 condicione,
1481 175 1589 201 tamen
1610 169 1756 209 vestigia
1781 167 1938 200 arctioris

202 223 296 254 illius
320 233 390 253 cnm
415 222 572 254 Romanis
602 222 745 253 foederis
777 231 914 261 prorsus
946 222 1039 253 nulla
1070 223 1147 254 inde
1178 224 1216 254 ab
1251 235 1288 263 eo
1319 229 1463 265 tempore
1489 231 1654 267 apparent.
1698 225 1784 256 Octo
1807 224 1947 266 oppidaf

203 290 281 320 quae
304 281 364 311 sub
390 280 516 312 ditione
537 279 827 310 Praenestinorum
848 284 954 319 erant,
981 279 1200 313 Romanorum
1224 282 1361 322 imperio
1384 281 1533 318 adiuncta
1557 289 1635 315 sunt
1648 284 1684 324 ¹).
1716 281 1940 314 Verisimilli·

204 348 289 369 mum
314 344 362 369 est
383 338 514 369 castella
539 337 640 368 fuisse
666 341 698 368 et
721 337 849 367 minora
873 337 1004 378 oppida,
1024 348 1088 378 quo
1110 339 1146 370 in
1170 349 1304 370 numero
1324 338 1426 369 fuisse
1441 338 1601 369 videntur
1620 339 1821 380 Capi-anien,
1855 338 1942 370 Gavi

207 396 426 434 Gallicanum,
451 395 655 436 Longianum
668 396 707 435 ²).
753 395 874 426 Livius
900 394 960 426 illa
986 406 1087 436 poena
1101 397 1332 428 Praenestinos
1355 397 1494 428 afflictos
1521 406 1589 428 esse
1613 406 1679 427 non
1700 401 1940 435 commemorat,

205 454 354 493 quamvis
379 458 450 493 post
472 453 563 484 aliud
587 453 710 484 bellum
731 463 785 484 eos
812 463 889 493 agro
913 452 1088 484 mulctatos
1114 465 1182 485 esse
1207 455 1414 486 adnotaverit
1425 456 1464 495 3).
1511 454 1637 485 Verum
1649 453 1845 494 Eutropium
1862 464 1941 486 vera

205 521 370 541 enarrasse
393 522 493 551 quum
516 522 575 552 per
596 522 630 542 se
654 516 905 542 consentaneum
926 516 993 550 est,
1012 516 1080 542 tum
1101 512 1321 546 Romanorum
1341 512 1469 544 ratione
1493 511 1716 543 constituendi
1738 510 1777 542 de
1793 511 1942 543 hostibus

206 568 348 598 devictis
373 569 627 600 commendatur.

336 626 544 658 Praenestini
571 626 645 657 inde
669 626 709 657 nb
734 626 793 657 hoc
817 630 961 666 tempore
982 635 1110 667 semper
1130 636 1193 657 una
1217 637 1287 658 cnm
1313 626 1452 668 reliquis
1475 625 1563 657 Latii
1587 623 1717 667 oppidis
1741 629 1854 657 contra
1877 624 1941 656 Ro-

206 692 328 712 manam
355 685 544 713 societatem
569 688 623 712 aut
647 684 756 723 potius
780 687 894 713 contra
915 683 1009 722 aequi
1034 682 1176 713 foederis
1200 684 1347 714 umbram
1370 683 1582 715 rebellarunt.
1630 683 1667 714 Id
1687 683 1773 723 quod
1796 684 1860 714 iarn
1889 693 1942 713 ex·

206 744 308 769 tremo
329 750 412 771 anno
430 742 494 773 375
511 740 633 771 factum
655 744 723 779 est,
746 739 805 770 ubi
829 739 1005 770 concitatis
1028 739 1158 771 Latinis
1183 739 1374 771 liberiorem
1392 740 1543 771 civitatis
1563 740 1788 770 condicionem
1805 738 1945 780 adipisci

208 798 314 826 conati
339 803 426 828 sunt.
475 797 696 828 Romanorum
720 807 841 827 sumnia
863 798 988 827 exarsit
1012 798 1081 828 ira:
1121 798 1302 828 exercitum
1330 798 1488 828 adversus
1510 797 1744 828 Praenestinos
1774 798 1891 828 ducere
1914 801 1952 827 et·

208 852 281 884 illis
303 854 445 886 devictis
469 854 630 895 plurimos
653 852 817 885 trucidare
830 853 869 895 ⁴).
915 853 1037 885 Livius
1059 864 1077 884 a
1098 854 1332 895 scriptoribus,
1354 864 1434 895 quos
1447 858 1651 895 sequeretur,
1676 854 1855 884 destitutus
1873 857 1945 883 tan-

206 916 272 941 tum
299 922 313 941 a
341 913 566 943 Praenestinis
590 912 824 943 tumultuatum
845 922 914 942 esse
937 912 1063 950 tradit3
1096 917 1129 943 et
1153 923 1193 943 ex
1215 913 1436 944 consentienti
1460 912 1549 945 codd.
1576 912 1717 944 lectione
1744 910 1824 950 (VI,
1840 912 1894 950 30,
1911 910 1947 949 9)

209 970 308 999 etiam
331 969 441 999 coloni
466 969 693 1001 Praenestinis
716 969 880 1010 adscripta
903 974 1001 1010 sunt,
1033 980 1133 1011 quum
1164 974 1237 1010 post
1266 974 1317 1001 tot
1348 969 1433 1002 bella
1463 974 1633 1010 tantasque
1658 967 1858 1000 calamitates
1882 967 1948 1008 ipsi

208 1027 377 1065 penuriam
403 1027 572 1057 hominum
591 1028 700 1067 questi
724 1032 852 1063 osseum
874 1027 908 1058 id
931 1027 1016 1068 quod
1041 1028 1159 1058 merito
1183 1038 1200 1058 a
1221 1027 1311 1057 viris
1333 1027 1439 1058 doctis
1462 1028 1498 1058 in
1515 1027 1649 1059 dubium
1668 1030 1822 1057 vocatum
1847 1029 1895 1056 est
1908 1025 1946 1061 ⁵).

210 1082 337 1113 Certum
362 1086 410 1113 est
428 1084 557 1115 colonos
578 1087 656 1116 {unc
677 1086 833 1125 temporis
854 1093 969 1116 revera
991 1093 1058 1115 non
1082 1084 1239 1116 deductos
1262 1093 1340 1115 esse.

337 1140 572 1172 Verumtamen
598 1141 808 1173 Praenestini
837 1152 903 1172 non
926 1142 1055 1173 idcirco
1081 1142 1120 1173 ab
1146 1142 1275 1182 incepto
1300 1140 1387 1172 bello
1409 1150 1473 1172 una
1502 1141 1592 1172 clade
1622 1145 1751 1181 accepta
1782 1137 1952 1170 destitisse>

208 1198 387 1238 videntur,
409 1199 492 1239 quod
521 1199 688 1230 exhaustis
710 1199 862 1230 civitatis
883 1199 1017 1230 viribus
1042 1199 1235 1231 condicione
1258 1209 1320 1239 qua
1348 1198 1524 1229 utebantur
1558 1198 1705 1229 contenti
1735 1200 1861 1234 essent,
1892 1194 1949 1225 sed

209 1257 258 1285 rei
280 1261 393 1287 contra
417 1256 581 1288 Romanos
604 1257 683 1288 bene
707 1258 865 1298 gerendae
888 1262 1015 1298 tempus
1038 1257 1206 1288 etiamtum
1227 1267 1293 1288 non
1315 1256 1426 1288 adesse
1450 1257 1515 1288 rati
1537 1255 1884 1297 pacemjrestituerunt
1896 1252 1947 1284 in-

209 1313 285 1342 viti.
336 1313 419 1343 Nam
443 1314 579 1344 amissae
603 1315 766 1354 pristinae
790 1317 962 1355 potestatis
982 1324 1110 1356 semper
1127 1323 1287 1345 memores
1309 1319 1423 1353 erant,
1456 1319 1551 1354 atque
1573 1312 1820 1344 ubi'victoriae
1843 1309 1948 1349 adipi-

210 1369 345 1399 scendae
367 1380 440 1409 spes
466 1369 574 1400 oblata
598 1369 673 1409 fuit,
703 1380 771 1400 eam
795 1381 987 1411 recuperare
1010 1372 1119 1402 conati
1142 1376 1229 1402 sunt.
1261 1371 1388 1401 Verum
1403 1380 1567 1409 nunquam
1582 1380 1654 1399 cum
1668 1368 1806 1405 reliquis
1821 1366 1950 1395 Latinis

210 1426 256 1456 ita
281 1425 485 1464 coaluerunt,
509 1431 556 1464 ut,
580 1426 637 1455 ubi
659 1426 783 1456 Livius
802 1427 940 1457 Latinos
959 1418 1199 1464 commemoret,
1224 1424 1433 1456 Praenestini
1455 1434 1582 1465 quoque
1602 1422 1897 1462 subintelligantur
1909 1423 1948 1462 ⁶),

209 1484 263 1514 sed
287 1488 324 1513 ut
347 1483 517 1522 Tiburtes,
540 1482 735 1523 quibuscum
759 1481 798 1512 ab
822 1481 883 1512 illo
903 1487 1050 1523 tempore
1065 1487 1154 1513 arcte
1174 1481 1343 1512 coniuncti
1356 1486 1460 1520 erant,
1484 1485 1626 1513 secretae
1642 1480 1793 1512 civitatis
1811 1480 1950 1520 speciem

210 1542 405 1573 referebant.
453 1541 544 1572 Idem
569 1545 638 1571 erat
659 1540 832 1580 utriusque
856 1540 1008 1571 civitatis
1033 1550 1049 1571 a
1071 1539 1226 1571 Romanis
1251 1543 1375 1577 metus;
1399 1538 1508 1580 itaque
1528 1538 1585 1570 ubi
1605 1538 1762 1570 Tiburtes
1787 1548 1872 1569 anno
1886 1539 1950 1572 394

211 1599 436 1628 Hernicorum
460 1598 611 1638 partibus
640 1598 829 1630 accedentes
855 1608 926 1628 cum
951 1596 1058 1628 Gallis
1082 1597 1138 1639 qui
1168 1596 1368 1628 advenerant
1401 1597 1568 1634 conjuncti
1591 1601 1703 1627 contra
1732 1597 1949 1628 Romanorum

293 1745 452 1780 potentiam
474 1754 544 1780 prae
564 1754 596 1772 se
617 1746 746 1778 serebat,
774 1744 879 1772 maiori
910 1744 975 1771 Iovi
1004 1743 1174 1779 Capitolino
1203 1744 1366 1771 deditionis
1394 1743 1486 1771 instar
1513 1744 1665 1771 dedicatus
1690 1750 1744 1773 est.
1787 1745 1835 1772 De
1855 1745 1953 1772 tabula

294 1795 380 1821 laude
401 1795 570 1823 Cincinnati
594 1795 754 1832 inscripta,
787 1804 870 1830 quam
892 1794 1003 1822 variam
1024 1793 1092 1822 Liv.
1113 1799 1142 1822 et
1161 1794 1265 1822 Festus
1286 1793 1429 1827 exhibet,
1458 1793 1601 1822 disseruit
1629 1795 1723 1822 Drak.
1748 1794 1782 1821 ad
1804 1794 1872 1823 Liv.
1890 1794 1915 1823 '1.
1931 1794 1950 1823 l.

292 1843 593 1879 l-‘it—dto1·(i]tt'<mifct)e
615 1842 781 1879 OEefcbicbte.
811 1842 916 1882 sseimig
943 1845 1016 1873 1832
1037 1854 1065 1879 p.
1089 1843 1122 1878 5)
1151 1844 1247 1871 laudat
1275 1852 1378 1872 versus
1402 1845 1540 1878 quosdam
1560 1843 1724 1878 saturnios,
1755 1840 1863 1878 quibus
1881 1845 1952 1871 Cin—

292 1893 403 1919 cinnati
430 1903 474 1920 res
497 1894 526 1920 in
550 1894 603 1919 iilo
626 1893 703 1920 bello
725 1900 824 1927 gestae
844 1902 943 1928 magna
965 1894 1050 1920 laude
1069 1893 1270 1928 celebrantur3
1293 1898 1321 1920 at
1342 1902 1412 1920 vero
1434 1894 1539 1920 Festus
1564 1895 1733 1929 inscriptam
1755 1894 1878 1920 tabulam
1894 1903 1950 1920 non

293 1943 391 1975 xidit3
414 1943 522 1970 Livius
545 1950 575 1970 ut
597 1943 670 1970 alias
693 1952 825 1971 summam
849 1950 956 1971 tantum
978 1942 1184 1980 inscriptionis
1205 1943 1290 1971 affert
1311 1942 1398 1980 (»his
1420 1943 1509 1971 ferme
1525 1944 1618 1972 incisa
1643 1942 1798 1978 iuterim),
1820 1944 1885 1981 ipsa
1907 1943 1951 1971 in-

292 1993 418 2028 scriptio
441 1993 577 2028 asperior
598 1993 691 2020 fuisse
713 1994 840 2022 videtur.

257 2041 282 2077 1)
304 2044 427 2079 Eutrop.
453 2044 493 2077 11,
516 2044 545 2072 2.

255 2091 281 2128 2)
300 2093 397 2120 Etiam
418 2093 553 2122 Pedanos
574 2103 590 2122 a
610 2095 762 2131 principio
791 2095 994 2124 Praenestinis
1020 2097 1167 2131 subjectos
1195 2096 1288 2125 fuisse
1309 2098 1478 2134 suspicatur
1504 2097 1627 2124 Abeken
1651 2096 1669 2124 Ι.
1691 2096 1710 2124 l.
1734 2103 1763 2131 p.
1785 2093 1840 2131 ⁷63
1861 2093 1900 2124 77
1922 2100 1950 2122 et

291 2144 362 2172 Chr.
384 2144 493 2172 muner
513 2145 533 2172 Ι.
560 2145 579 2173 Ι.
602 2145 632 2178 1,
660 2146 718 2174 400
747 2146 833 2173 etiam
855 2146 1010 2174 Vitelliam
1030 2155 1063 2174 ac
1091 2147 1227 2175 Trebiam
1255 2148 1310 2174 sub
1333 2147 1449 2175 ditione
1469 2147 1576 2175 Pmen.
1597 2148 1689 2175 fuisse
1710 2144 1870 2172 contendit.
1913 2144 1952 2171 At
1968 2165 1977 2175 ,

292 2203 361 2221 vero
382 2184 491 2222 Li'vius
515 2196 554 2227 11,
571 2195 609 2224 39
626 2196 781 2225 Vitelliam
803 2205 835 2223 ae
855 2196 993 2224 Trebiam
1014 2197 1160 2225 etiamtum
1182 2197 1384 2225 Praenestinis
1404 2207 1461 2225 non
1481 2199 1634 2232 subjectam,
1656 2196 1791 2224 Pedanos
1814 2195 1869 2222 ian
1892 2200 1951 2222 tum

293 2243 404 2270 liberos
426 2244 564 2272 exhibet.

254 2290 281 2327 3)
304 2293 390 2325 UH,
405 2294 485 2325 14‚9.
508 2308 547 2315 —·
571 2292 598 2330 ⁴)
622 2294 713 2323 Diod.
731 2293 791 2323 Sic.
809 2295 878 2327 XV,
896 2295 943 2324 47.
965 2311 1001 2316 -—-
1026 2290 1053 2330 ⁵)
1075 2294 1119 2322 Cf.
1142 2295 1294 2324 Drakenb.
1318 2295 1352 2322 ad
1366 2295 1433 2324 Liv.
1456 2296 1474 2322 1.
1499 2297 1518 2323 Ι.
1536 2309 1575 2316 -
1604 2291 1630 2330 ⁶)
1652 2294 1732 2324 Vide
1746 2300 1805 2321 not.
1822 2294 1882 2329 4³9¹.
1896 2292 1945 2321 23.
