2208 2709
1045 5 1092 44 211

331 129 413 163 Erat
434 129 497 163 illo
520 134 666 170 tempore
688 126 919 161 florentissima
934 127 1122 161 Praenestis
1144 127 1307 168 condicio,
1336 127 1382 159 ita
1403 132 1440 160 ut
1455 127 1542 159 inter
1558 127 1646 160 Latii
1657 129 1777 170 oppida
1792 131 1932 170 primum

202 187 367 219 obtineret
388 187 506 219 locum.
552 185 637 217 Octo
657 187 775 227 oppida
795 187 908 218 vicina
923 187 983 218 suh
1003 185 1292 218 Praenestinorum
1319 186 1447 217 ditione
1479 190 1582 217 erant.
1628 186 1804 220 Praeneste
1826 187 1932 227 ipsum

202 247 318 275 natura
340 249 473 285 arteque
495 243 751 275 munitissimum
773 244 975 275 tutissimum
998 248 1030 274 et
1058 243 1204 275 bellandi
1225 248 1257 274 et
1279 243 1455 284 praedandi
1479 242 1655 283 praebebat
1680 243 1931 282 receptaculum.

202 301 310 341 Quum
333 301 540 333 Praenestini
559 301 662 342 primi
683 312 700 333 a
721 301 852 333 Latinis
873 302 913 333 ad
933 301 1095 333 Romanos
1117 301 1359 340 descivissent,
1384 311 1495 331 eorum
1519 305 1713 341 potestatem
1733 311 1793 341 per
1814 300 1931 331 Roma-

201 368 260 389 nos
291 359 380 398 ipsos
408 362 532 389 auctam
563 358 666 390 fuisse
698 363 949 390 consentaneum
972 363 1030 390 est.
1075 358 1217 390 Animus
1246 358 1533 389 Praenestinorum
1558 357 1729 389 admodum
1754 357 1933 389 bellicosus

201 420 282 454 erat,
305 419 411 446 tamen
430 415 653 447 ati-tumultus
675 416 864 447 excitandos
877 438 888 456 ,
911 416 950 447 ad
974 415 1216 456 praedationem
1233 415 1456 455 exercendam,
1480 414 1517 446 ad
1538 415 1661 446 bellum
1683 415 1839 447 celeriter
1856 415 1928 446 fini-

201 472 317 502 endum
339 473 482 512 aptiores
503 473 723 513 videbantur,
758 483 852 513 quam
881 474 938 513 qui
963 483 1103 513 pugnam
1131 473 1361 512 gravissimam
1384 477 1498 503 contra
1520 473 1737 504 Romanorum
1761 473 1928 505 exercitus

200 527 313 559 multis
337 533 370 559 et
391 529 558 560 continuis
575 529 673 561 bellis
693 530 846 570 probatos
866 530 1076 560 susitinerent.

326 585 436 626 Atque
461 586 605 618 victoria
629 592 666 618 ut
684 587 844 618 videntur
864 597 967 627 nuper
990 586 1103 626 adepta
1127 586 1204 617 freti
1229 585 1437 618 Praenestini
1467 586 1531 618 soli
1555 597 1693 627 pugnam
1723 592 1835 618 contra
1861 586 1926 616 Ro-

199 651 310 672 manos
329 642 483 676 inierunt.
530 643 572 674 Et
591 643 697 683 primo
719 644 849 685 quidem
866 644 900 675 in
922 654 1000 684 agro
1020 643 1147 675 Gabino
1164 643 1189 683 ¹)
1215 644 1451 683 consederunt3
1484 644 1601 675 deinde
1630 644 1781 675 dissidiis
1805 643 1924 673 Romae

196 698 313 731 Patres
337 699 425 731 inter
446 705 478 731 et
499 701 651 732 tribunos
674 701 781 742 plebis
804 702 929 732 exortis
949 700 1147 733 confidentes
1174 701 1294 740 raptim
1316 702 1517 741 pervastatis
1536 702 1687 742 protinus
1711 701 1800 742 agris
1824 711 1927 741 usque

197 755 237 785 ad
254 760 380 795 portam
404 757 568 788 Collinam
587 759 680 799 signa
705 758 865 788 tulerunt.
911 758 1015 788 Tanta
1027 761 1097 788 erat
1109 757 1285 797 trepidatio
1301 758 1394 788 urhis
1412 759 1579 789 etiamtum
1602 758 1821 787 seditionibus
1835 757 1925 788 labo-

197 812 323 851 rantis,
352 817 390 844 ut
418 813 562 846 dictator
590 820 757 847 crearetur
787 815 884 846 Titus
916 814 1092 854 Quinctius
1125 813 1362 854 Cincinnatus,
1394 815 1451 856 qui
1480 814 1676 855 nuncupatis
1700 814 1735 844 in
1758 814 1924 854 Capitolio

197 869 289 899 votis
312 869 541 902 Praenestinos
562 873 690 911 petebat
703 873 740 911 2).
787 872 882 910 Quod
903 872 962 902 ubi
991 872 1166 902 audierunt
1186 870 1413 910 Praenestini,
1440 872 1478 902 ad
1508 871 1632 903 Alliam
1647 872 1676 910 3)
1711 871 1842 910 quidem
1874 882 1923 902 re-

197 931 384 965 cesserunt,
412 927 469 957 sed
488 927 618 959 fatalem
641 939 675 960 se
700 929 777 960 urbi
800 929 960 959 Romanae
988 927 1094 958 locum
1124 928 1245 968 cepisse
1279 928 1445 960 iactantes.
1491 928 1538 959 At
1566 939 1647 959 vero
1677 928 1785 968 primo
1806 927 1925 959 Roma·

196 992 314 1013 norum
337 983 460 1023 impetu
490 984 556 1015 fusi
587 985 755 1026 fugatique
782 986 871 1017 intra
895 985 1022 1016 moenia
1046 984 1234 1015 Praenestis
1264 995 1299 1016 se
1327 991 1529 1026 receperunt.
1575 986 1730 1016 Dictator
1760 984 1925 1015 Romanus

194 1038 302 1079 primo
324 1044 397 1070 octo
420 1041 550 1081 oppida,
574 1052 654 1082 quae
676 1043 736 1073 sub
759 1043 886 1074 ditione
908 1041 1195 1073 Praenestinorum
1219 1046 1331 1081 erant,
1362 1042 1446 1073 haud
1470 1052 1584 1082 magno
1612 1041 1788 1073 certamine
1823 1042 1923 1081 cepit,

178 1095 310 1146 *deinde
338 1096 506 1138 Velitras,
532 1110 612 1140 quae
642 1099 771 1131 colonia
803 1099 1023 1132 Romanorum
1056 1099 1119 1130 iam
1148 1099 1223 1130 inde
1251 1110 1269 1131 a
1299 1098 1482 1131 defectione
1513 1100 1803 1131 Praenestinorum
1836 1100 1924 1130 socia

193 1153 300 1185 suerat
322 1154 356 1185 in
378 1155 438 1186 hoc
460 1158 656 1198 certamine,
678 1158 891 1199 expugnavit,
922 1157 1061 1199 denique
1083 1157 1258 1189 Praeneste
1281 1157 1387 1199 ipsum
1403 1168 1462 1199 per
1478 1158 1677 1190 deditionem
1698 1154 1822 1197 recepit
1840 1167 1924 1188 anno

193 1212 258 1244 374
280 1221 342 1245 sec.
364 1212 449 1251 fast;
473 1215 538 1247 375
560 1224 599 1245 ex
621 1220 793 1256 computat.
808 1215 974 1257 Caton.4).
1021 1215 1160 1256 Signum
1182 1215 1276 1246 Iovis
1299 1216 1522 1257 imperatoris,
1543 1216 1626 1256 quod
1645 1215 1820 1245 Praeneste
1844 1214 1923 1254 suit,

192 1268 326 1301 Romam
345 1270 516 1302 devectum
536 1272 571 1303 in
595 1273 750 1314 capitolio
766 1274 855 1305 inter
876 1273 1108 1309 cellandovis
1126 1284 1162 1305 ac
1177 1273 1352 1306 Minervae
1370 1273 1552 1307 dedicatum
1567 1278 1615 1304 est
1627 1275 1666 1314 ⁵).
1714 1272 1923 1304 Praenestini

269 1402 299 1425 et
318 1396 575 1425 Praenestinorum
596 1405 613 1425 a
630 1396 769 1425 Romanis
790 1397 935 1433 acceptam
955 1364 1042 1424 etita
1062 1403 1099 1424 ab
1119 1401 1289 1425 auctoribus
1308 1400 1454 1424 Romanae
1475 1397 1620 1424 historiae
1638 1399 1790 1427 admodum
1807 1410 1924 1436 parvam

269 1446 363 1474 fuisse
385 1446 572 1482 descriptam.
614 1447 723 1476 Verum
744 1448 782 1474 ob
803 1446 834 1473 id
856 1447 962 1482 ipsum,
984 1447 1063 1480 quod
1084 1446 1261 1473 Plutarchus
1283 1446 1362 1472 illam
1384 1455 1508 1482 pugnam
1529 1448 1745 1482 praetermisit,
1775 1449 1839 1476 loco
1862 1451 1924 1478 lau-

269 1488 406 1526 dnto'uti
422 1504 479 1523 non
498 1505 666 1532 possumus,
686 1505 744 1530 quo
763 1496 857 1523 series
879 1505 973 1523 rerum
996 1502 1141 1530 gestarum
1160 1500 1291 1522 accurate
1312 1495 1495 1527 emendetur,
1525 1497 1698 1531 praesertim
1726 1506 1812 1531 quum
1834 1499 1922 1527 etiam

269 1545 306 1573 de
327 1544 435 1574 Satrici
459 1546 678 1582 expugnatione
692 1555 709 1573 a
730 1546 889 1574 Plutarcho
911 1551 939 1573 et
961 1545 1050 1584 Livio
1071 1545 1151 1573 varia
1178 1553 1211 1572 ac
1236 1544 1354 1572 diversa
1381 1545 1553 1573 reserantur.
1596 1545 1731 1573 Niebuhr
1751 1548 1771 1576 l.
1798 1548 1816 1575 1.
1840 1549 1869 1576 11
1892 1559 1919 1585 p.

269 1595 328 1624 658
348 1595 503 1622 secundum
523 1595 671 1625 Plutarch.
695 1596 714 1623 l.
737 1595 758 1624 l,
781 1595 990 1623 Praenestinos
1014 1603 1070 1622 una
1088 1603 1151 1622 cum
1171 1593 1291 1622 Volscis
1312 1600 1411 1620 contra
1431 1595 1583 1621 Camillum
1612 1604 1759 1631 pugnasse
1789 1607 1922 1634 compro·

268 1644 334 1678 bau
353 1653 390 1672 ex
413 1652 510 1681 pugna
529 1653 622 1679 aequo
642 1645 735 1673 Marte
755 1644 914 1672 discessum
936 1652 1001 1671 esse
1018 1643 1177 1672 haestitans
1192 1643 1338 1676 concedit,
1360 1643 1504 1671 Romanos
1520 1645 1649 1672 victores
1665 1646 1821 1674 exstitisse
1835 1648 1921 1683 plane

269 1693 415 1730 repudiat.
1269 1699 1272 1701 ’

233 1741 260 1778 ¹)
280 1743 332 1772 Sic
352 1744 428 1772 enim
447 1744 602 1779 legendum
622 1750 677 1777 est,
700 1753 757 1772 non
779 1744 810 1771 in
830 1753 901 1780 agro
921 1743 1032 1772 Sabino
1054 1751 1100 1780 ap.
1123 1743 1191 1772 Liv.
1212 1744 1267 1778 VI,
1289 1744 1338 1777 27,
1359 1743 1405 1772 lo.
1439 1744 1483 1772 Cf.
1508 1744 1603 1772 Drak.
1625 1745 1672 1774 ad.
1696 1745 1717 1772 1.
1739 1745 1760 1773 l.

233 1791 261 1828 ²)
278 1793 346 1823 Liv.
369 1793 423 1827 VI,
444 1794 493 1823 28.
533 1794 637 1821 Florus
659 1794 684 1827 1,
705 1793 734 1827 2,
755 1794 785 1823 7.

231 1840 260 1878 ³)
280 1844 342 1871 flac
362 1853 478 1878 quoque
500 1844 530 1871 in
553 1853 585 1871 re
605 1844 748 1872 victorum
769 1843 877 1873 fiducia
895 1843 1093 1879 perspicitnr3
1121 1840 1184 1871 nam
1204 1852 1291 1878 quum
1311 1843 1346 1871 ad
1369 1843 1477 1870 Alliam
1501 1843 1710 1877 recessissent,
1736 1844 1801 1879 agri
1829 1845 1919 1873 Prae-

266 1892 377 1921 nestini
404 1893 531 1921 hostium
553 1894 590 1920 ab
610 1893 721 1930 impetu
741 1893 861 1922 minime
883 1893 939 1921 tuti
960 1898 1052 1921 erant.
1094 1892 1216 1920 Tantum
1237 1892 1332 1920 abfuit
1357 1898 1388 1919 ut
1409 1893 1554 1919 Romanos
1575 1893 1735 1919 Praeneste
1761 1893 1919 1928 adgressu-

269 1951 317 1970 ros
338 1951 404 1971 esse
424 1943 637 1972 existimarent.

231 1990 259 2026 ⁴¹)
280 1993 348 2020 Liv.
369 1994 423 2026 VI,
443 1994 493 2022 29.
535 1995 641 2021 Festus
666 2002 690 2021 s.
712 2004 741 2022 v.
763 1994 899 2021 trientem
921 1993 1050 2020 tertium.
1091 1993 1215 2027 Eutrop.
1234 1993 1274 2025 11,
1294 1994 1325 2021 2.

231 2039 259 2077 ⁵)
280 2041 329 2069 De
348 2043 404 2070 hoc
424 2042 506 2070 Iovis
527 2042 718 2071 Praenestini
744 2043 831 2079 signo
857 2043 917 2070 alio
945 2042 1010 2070 loco
1038 2041 1233 2075 disseremus;
1261 2042 1392 2070 virorum
1420 2042 1570 2070 doctorum
1599 2041 1732 2070 diversns
1758 2043 1917 2070 sententias

268 2092 430 2128 diligenter
449 2093 570 2129 collegit
590 2094 686 2122 Drak.
705 2093 742 2121 ad
766 2094 834 2123 Liv.
859 2093 914 2128 vl,
936 2092 986 2122 29.
1028 2093 1077 2121 Ex
1103 2092 1172 2120 aliis
1193 2101 1310 2128 quoque
1329 2092 1451 2130 oppidis
1478 2092 1657 2130 expugnatis
1685 2093 1771 2129 signa
1798 2093 1919 2122 devecta

266 2148 333 2171 ense
352 2148 450 2171 narrat
475 2143 543 2172 Liv.
565 2143 625 2176 ix,
646 2142 695 2171 45.
718 2143 824 2175 xxx,
843 2142 892 2171 39.
927 2143 972 2170 cr.
996 2138 1092 2171 vano
1110 2151 1157 2177 ap.
1179 2142 1260 2170 Lace.
1284 2143 1313 2169 a.
1333 2143 1367 2170 F.
1388 2143 1425 2170 R.
1448 2143 1473 2175 1,
1492 2143 1530 2177 63
1551 2132 1631 2170 rest.
1653 2151 1677 2170 s.
1702 2152 1729 2170 v.
1750 2143 1825 2170 Nixi
1848 2144 1919 2172 nn.

273 2192 442 2229 Municipia
460 2198 628 2230 expugnata
648 2201 729 2222 sacra
748 2191 940 2229 municipalia
958 2191 1010 2229 (cf.
1031 2192 1136 2220 Festus
1157 2200 1181 2221 s.
1200 2189 1245 2227 v.)
1266 2191 1399 2221 amisisse
1419 2192 1504 2221 docet
1523 2192 1695 2221 Ambrosch.
1720 2192 1739 2221 1.
1757 2192 1777 2220 l.
1802 2201 1831 2229 p.
1855 2193 1919 2222 181.

267 2245 330 2273 uec
349 2243 415 2272 loco
440 2244 500 2272 alia
526 2252 574 2272 res
595 2249 649 2272 est.
692 2243 807 2280 Iupiter
836 2243 955 2277 Praen„
984 2248 1083 2272 custos
1100 2242 1223 2279 oppidi,
1251 2244 1329 2278 quod
1353 2244 1461 2271 Romae
1488 2243 1614 2271 similem
1643 2249 1672 2270 et
1699 2243 1864 2271 libertatem
1892 2249 1920 2270 et
