2208 2709
1114 69 1163 111 30

403 190 566 225 Nonnulli
587 190 764 224 Praeneste
785 192 917 234 penitus
942 202 960 224 a
981 192 1075 224 Sulla
1097 191 1239 224 deletum
1260 202 1329 224 esse
1350 189 1486 222 tradunt
1498 191 1545 232 ¹),
1568 200 1684 223 venun
1699 190 1734 222 id
1748 201 1808 232 per
1826 198 1997 229 errorem3

280 260 352 281 nam
375 249 486 280 urbem
511 250 609 281 etiam
632 251 787 281 maiorem
808 250 846 280 ab
867 249 928 281 illo
953 249 1113 281 redditam
1137 261 1205 282 esse
1227 249 1528 283 demonstrabimus.
1573 249 1639 281 Sed
1662 259 1703 281 ne
1733 258 1843 280 omnes
1866 248 1999 290 quidem

280 307 350 337 viri
372 306 579 339 Praenestini
601 307 768 337 interfecti
789 312 876 338 sunt.
921 307 990 338 Iam
1010 308 1180 348 Appianas
1200 309 1269 349 ipse
1291 307 1350 340 1.l.
1372 308 1414 339 94
1433 315 1530 347 quum
1544 305 1710 338 Marianae
1730 305 1885 337 factionis
1906 315 2001 337 sena-

282 369 369 396 tores
390 364 693 396 commemoraverit
714 365 815 396 etiam
837 364 995 397 Sullanae
1018 366 1177 407 factionis
1199 366 1304 408 fuisse
1327 365 1409 397 alios
1431 367 1591 402 testatur,
1624 362 1730 404 igitur
1748 363 1880 396 omnino
1902 363 2002 394 etiam

283 422 392 453 Sullae
414 422 553 453 asseclae
575 422 611 452 in
635 422 707 463 ipso
729 423 849 464 oppido
872 424 1085 463 exstiterant,
1109 425 1228 465 quibus
1251 423 1346 455 illum
1367 421 1548 463 pepercisse
1570 420 1775 452 manifestum
1798 425 1856 454 est.
1887 418 2003 460 Itaque

282 479 564 511 verisimillimum
586 486 648 520 est,
673 492 689 512 a
710 481 802 512 Sulla
826 486 951 512 tantum
970 482 1064 513 viros
1088 481 1228 522 adultos,
1253 482 1309 523 qui
1328 485 1438 512 contra
1459 479 1565 520 ipsum
1589 488 1675 510 arma
1696 478 1883 519 gessissent,
1906 486 2002 510 neca-

282 542 331 567 tos
355 547 423 567 esse
442 548 545 579 neque
566 538 659 569 MCC
682 538 792 579 viris,
816 540 873 580 qui
896 550 1049 570 numerus
1076 540 1313 570 trucidatorum
1335 537 1621 570 Praenestinorum
1642 536 1831 578 plerumque
1854 535 2001 575 affertur,

282 594 547 627 obliviscendum
566 601 613 627 est
635 597 731 627 etiam
754 597 917 628 Samnites
939 597 1148 637 interfuisse,
1177 607 1259 638 quos
1284 602 1418 638 propter
1445 605 1605 627 summum
1629 595 1665 626 in
1688 594 1769 626 hanc
1789 598 1916 635 gentem
1936 591 2003 624 Ro-

282 662 450 683 manorum
475 658 507 683 et
538 654 702 694 imprimis
734 654 844 684 Sullae
876 654 986 684 odium
1000 655 1027 693 2>
1051 664 1161 684 omnes
1184 654 1374 685 interfectos
1399 664 1466 684 esse
1491 656 1739 683 consentaneum
1763 657 1821 684 est.
1865 649 2005 682 Accedit

284 709 367 740 illud
389 711 474 750 quod
501 710 673 741 Praeneste
695 710 805 751 paullo
829 715 902 751 post
923 715 960 741 ut
982 711 1165 752 antiquitus
1188 711 1281 742 sedes
1305 711 1370 742 fuit
1392 710 1473 742 belli
1494 709 1610 742 civilis
1632 713 1727 750 atque
1747 709 1927 750 pristinum
1950 716 2005 738 res

283 766 428 797 bellandi
449 768 593 798 studium
615 773 646 798 et
667 767 848 798 incolarum
868 768 1044 799 multitudo
1065 768 1150 799 illud
1172 769 1387 799 reiiciendum
1401 778 1471 798 esse
1485 767 1684 808 comprobat,
1710 767 1795 808 quod
1807 766 1946 805 Sullam,
1967 769 2006 796 ut

283 824 397 856 urbem
419 825 579 856 desertam
602 826 701 857 novis
722 825 841 857 incolis
864 825 1036 868 impleret,
1062 825 1197 857 colonos
1216 825 1297 857 illuc
1321 825 1453 857 duxisse
1476 825 1546 857 viri
1568 825 1657 857 docti
1674 824 1949 856 existimaverunt
1961 820 2002 862 ⁸).

414 911 519 951 Atqui
540 911 615 942 inde
637 911 675 942 ab
700 911 935 952 expugnatione
958 910 1071 946 Sullae
1092 921 1178 942 nova
1200 912 1293 953 quasi
1316 922 1388 943 aera
1409 911 1597 943 Praenestis
1619 910 1733 953 oppidi
1762 910 1891 951 incipit.
1937 908 2005 949 Op-

284 967 354 1011 pidi
378 969 460 999 silus
485 979 620 1010 prorsus
643 974 854 1001 commutatus
880 973 937 1002 est.
983 968 1147 1001 Fortunae
1177 968 1334 1013 templum
1356 979 1372 1000 a
1396 968 1508 1010 Sulla,
1536 973 1572 1000 ut
1601 969 1658 1011 qui
1686 969 1723 999 in
1756 967 1902 1016 homines
1932 976 2006 1010 pec-

287 1031 402 1067 casset,
427 1027 501 1061 deos
522 1027 588 1058 sibi
608 1029 729 1058 amicos
759 1028 927 1068 redderet,
958 1032 1126 1072 tantopere
1151 1028 1381 1069 amplificatum
1405 1032 1474 1067 est,
1506 1032 1543 1058 ut
1571 1027 1673 1058 totius
1696 1026 1807 1069 oppidi
1829 1024 2007 1067 pristinum

288 1085 428 1126 spatium
449 1085 562 1127 templi
589 1085 749 1117 aedificiis
772 1090 939 1118 teneretur
950 1086 989 1127 ⁴).
1036 1085 1147 1128 Ipsum
1164 1084 1320 1128 templum
1342 1085 1377 1115 in
1389 1084 1495 1118 medio
1519 1084 1586 1118 fere
1602 1089 1710 1117 monte
1733 1087 1934 1116 exstructum
1948 1085 2007 1114 est.

287 1141 374 1172 Satis
393 1147 506 1173 notum
529 1148 575 1173 est
599 1143 659 1174 hoc
681 1143 848 1184 templum,
872 1143 964 1174 cuius
988 1142 1026 1174 ad
1047 1143 1222 1174 introitum
1244 1147 1308 1173 tam
1331 1141 1452 1182 amplae
1471 1141 1574 1173 scalae
1589 1142 1760 1181 ducebant,
1783 1146 1820 1172 ut
1835 1138 2009 1181 equitando

286 1199 360 1239 quis
387 1200 556 1230 ascendere
578 1202 745 1242 posset⁵)‚
770 1201 834 1231 iam
860 1201 898 1231 ab
922 1200 1004 1241 ipsis
1026 1200 1197 1231 veteribus
1220 1200 1438 1240 scriptoribus
1462 1200 1498 1230 in
1524 1200 1748 1231 celeberrimis
1771 1198 1916 1230 habitum
1940 1205 2010 1227 esse

287 1261 380 1297 atque
401 1256 493 1287 Sulla
518 1258 553 1288 in
581 1259 775 1289 exstruendo
798 1258 859 1289 illo
885 1269 1045 1289 summum
1074 1257 1217 1289 studium
1244 1262 1275 1288 et
1303 1267 1396 1288 omne
1423 1257 1547 1299 gloriae
1571 1258 1669 1289 decus
1690 1249 2009 1301 posuisse'videtur,

287 1324 383 1354 quum
407 1314 441 1345 id
461 1313 567 1345 solum
590 1314 743 1346 felicitati
763 1326 839 1347 suae
862 1316 1002 1346 defuisse
1024 1315 1188 1346 confessus
1212 1319 1315 1354 esset,
1351 1315 1437 1355 quod
1469 1315 1660 1356 capitolium
1683 1325 1749 1346 non
1776 1313 1955 1345 dedicasset
1969 1310 2009 1349 ⁶).

288 1370 341 1402 Ad
362 1371 566 1402 fundamenta
584 1373 736 1403 struenda
761 1384 839 1403 usus
862 1377 909 1403 est
934 1373 1079 1413 antiquis
1103 1372 1216 1412 oppidi
1248 1373 1418 1404 moenibus
1440 1372 1636 1417 polygonis;
1661 1382 1741 1418 quae
1764 1372 1833 1412 ipse
1855 1367 2011 1409 imposuit

288 1427 414 1457 moenia
440 1428 570 1465 generis
597 1432 689 1456 erant
712 1427 879 1457 reticulati
903 1428 1036 1464 incerti,
1060 1428 1143 1466 quod
1167 1433 1306 1456 vocatur
1320 1429 1358 1465 ⁷).
1404 1428 1568 1468 Oppidum
1589 1425 1675 1467 quod
1690 1424 1785 1457 hodie
1807 1423 2011 1456 Palaestrina

365 1560 450 1588 Livii
472 1561 493 1588 1.
514 1560 569 1591 Vl,
589 1559 637 1592 29,
656 1560 685 1588 Β.
727 1560 817 1586 Immo
840 1558 990 1593 signorum
1010 1567 1145 1585 numerus
1165 1566 1182 1585 a
1201 1557 1284 1585 Sum
1298 1561 1399 1585 auctus
1420 1565 1485 1584 esse
1496 1557 1624 1591 videtur,
1645 1567 1731 1592 quum
1746 1558 1863 1586 omnino
1876 1559 2011 1594 templum

366 1611 513 1640 Fortunae
527 1618 702 1645 magnopere
723 1608 910 1636 exornaverit
932 1614 960 1635 et
981 1608 1167 1644 splendidius
1187 1607 1380 1636 exstruxerit.
1395 1621 1434 1630 --
1447 1606 1627 1642 Alia228u11a
1643 1609 1813 1645 templorum
1833 1609 2012 1637 sanctitatem

368 1660 489 1687 minime
510 1660 623 1687 veritus
643 1665 686 1686 est
707 1659 743 1686 cs.
767 1659 848 1687 Plin.
869 1659 889 1688 l.
913 1659 932 1688 1.
956 1660 1100 1692 XXXVI,
1122 1659 1150 1687 6.

335 1709 359 1745 ¹)
380 1709 543 1737 Secundum
564 1709 679 1735 Florum
701 1709 756 1741 111,
773 1709 807 1736 21
831 1714 861 1734 et
881 1708 960 1736 Plut.
983 1707 1058 1737 Sull.
1081 1709 1183 1738 28-32
1204 1709 1290 1737 etiam
1308 1707 1470 1745 scriptores
1494 1713 1609 1736 nostrae
1636 1709 1739 1736 aetatis
1764 1710 1856 1737 veluti
1885 1710 2012 1738 Rotteck

370 1760 531 1797 nitgemeine
551 1757 773 1796 {Beltgefmicbte
793 1759 822 1788 9.
843 1756 922 1794 ἳίαῇ.
946 1768 976 1795 p.
994 1759 1063 1788 220.

335 1813 362 1847 2)
383 1814 426 1842 Cf.
448 1813 575 1848 Appian.
600 1814 629 1840 b.
649 1822 674 1840 e.
697 1814 729 1845 1,
751 1812 808 1840 94:
831 1807 873 1839 ὧν
896 1808 975 1844 τοὺς
999 1808 1163 1845 Σαυνίτας
1184 1807 1306 1840 ἔκτεινε
1323 1808 1457 1845 πάντας
1477 1813 1558 1849 (post
1578 1822 1702 1850 pugnam
1722 1822 1797 1848 quae
1816 1818 1882 1841 ante
1902 1820 2012 1850 portam

371 1866 513 1893 Collinam
534 1866 685 1894 commissa
705 1864 763 1901 est)
788 1862 830 1898 ὡς
855 1860 904 1892 ἀεὶ
925 1861 1091 1904 χαλεποὶ-ς
1112 1863 1279 1903 Ῥωμαίοις
1301 1862 1499 1904 γενομένους.

334 1915 363 1950 3)
382 1917 534 1951 Westphal
555 1917 575 1943 l.
598 1916 618 1944 l.
636 1925 666 1952 p.
691 1917 756 1944 103.
778 1930 818 1936 —-
840 1914 867 1951 ¹¹)
889 1917 990 1953 Nibby
1011 1918 1031 1945 l.
1055 1918 1073 1945 l.
1096 1918 1120 1950 1,
1141 1918 1210 1946 284.
1239 1918 1283 1946 Cf.
1306 1918 1443 1945 Toumon
1462 1918 1483 1946 l.
1507 1918 1528 1947 1.
1549 1927 1579 1953 p.
1601 1917 1648 1946 98.

335 1963 363 2000 ⁵)
387 1966 430 1993 cf.
452 1966 593 1998 libellum,
615 1975 699 2000 quem
719 1966 865 1993 Colonnae
886 1975 960 1993 anno
982 1967 1057 1996 1304
1079 1967 1115 1994 de
1136 1967 1319 1994 Palaestrina
1338 1976 1354 1995 a
1374 1967 1528 1995 Bonifacio
1545 1958 1788 1996 Vlll'devastata
1815 1974 2013 2002 composuere,

374 2025 420 2052 ap.
443 2016 558 2044 Petrin.
582 2025 610 2052 p.
632 2016 703 2045 429:
727 2016 795 2044 item
818 2017 918 2045 dicunt
941 2017 970 2045 in
990 2018 1110 2045 civitate
1132 2017 1304 2046 Penestrina
1318 2023 1399 2046 -et
1419 2017 1521 2045 ruinae
1541 2026 1603 2045 cum
1625 2017 1747 2054 palaciis
1767 2016 1964 2045 nobilissimis
1985 2021 2015 2045 et

373 2066 586 2100 antiquissimis
610 2072 638 2092 et
657 2076 718 2093 cum
741 2068 847 2103 templo
869 2077 970 2102 magno
990 2074 1018 2095 et
1039 2069 1159 2096 solemni
1181 2082 1221 2088 —
1241 2074 1269 2095 et
1290 2077 1353 2095 cum
1374 2068 1461 2095 scalis
1483 2068 1520 2095 de
1540 2068 1728 2096 nobilissimo
1749 2076 1887 2095 marmore
1909 2067 2014 2103 amplis

374 2122 404 2144 et
426 2116 516 2152 largis
538 2126 591 2153 per
610 2125 680 2151 quas
701 2117 786 2146 etiam
808 2119 966 2153 equitando
988 2119 1105 2146 ascendi
1127 2124 1240 2156 poterat
1258 2134 1296 2141 —
1317 2126 1392 2154 quae
1411 2118 1529 2154 quidem
1547 2119 1642 2148 scalae
1661 2125 1742 2147 erant
1763 2118 1839 2146 ultra
1859 2117 1882 2145 C
1896 2126 2014 2146 numero

373 2177 403 2201 q.
426 2176 489 2201 seq.
530 2167 575 2195 Cf.
592 2167 693 2203 Nibby
714 2177 743 2202 p.
765 2169 833 2197 290.

338 2213 366 2251 ⁶)
387 2216 470 2245 Plin.
491 2217 522 2245 h.
539 2225 568 2243 n.
592 2216 661 2249 vn,
678 2216 726 2249 43,
751 2217 805 2245 137
824 2226 884 2251 seq.

337 2264 365 2302 ⁷)
385 2268 429 2296 cf.
449 2277 480 2304 p.
505 2267 540 2296 12
562 2271 590 2294 et
613 2266 649 2295 13
670 2273 731 2295 not.
757 2268 783 2296 l.
830 2268 876 2294 De
904 2268 958 2295 hoc
984 2268 1128 2296 Fortunae
1156 2270 1264 2306 templo
1292 2268 1386 2297 fusius
1415 2267 1539 2296 disserit
1565 2267 1667 2305 Nibby
1687 2267 1708 2296 l.
1731 2267 1751 2297 l.
1781 2277 1813 2304 p.
1834 2267 1893 2298 288
1913 2272 1942 2296 et
1962 2266 2017 2295 alii

376 2317 500 2352 passim3
519 2317 555 2344 de
579 2317 715 2344 basilicis
735 2317 863 2343 Aemilia
883 2323 911 2344 et
931 2319 1035 2345 Fulvia
1055 2325 1084 2345 et
1106 2319 1142 2346 de
1162 2320 1231 2347 aliis
1252 2319 1400 2347 aedificiis
1421 2328 1494 2353 quae
1516 2319 1546 2346 in
1566 2319 1654 2346 scalis
1667 2318 1766 2354 templi
1781 2323 1930 2346 exstructa
1950 2322 2017 2346 suut
