2208 2709
1184 66 1208 102 4

325 192 645 226 commemorantur,
676 185 830 227 quamvis
860 194 997 226 prorsus
1018 184 1167 226 opposita
1198 182 1287 222 sint,
1318 182 1428 214 omnia
1467 183 1630 216 incassum
1660 189 1697 216 nt
1732 194 1814 216 vera
1845 185 2062 218 enarraverit.

327 243 413 276 Nam
437 254 475 275 ex
489 242 721 274 chronicorum
743 252 833 273 more
856 240 1006 280 singulos
1027 250 1129 271 annos
1143 243 1302 279 recenset,
1324 239 1370 270 ita
1393 240 1538 281 quidem,
1563 246 1601 271 ut
1612 242 1673 274 sub
1691 252 1788 282 anno,
1809 247 1874 283 quo
1887 242 2066 275 Praeneste

327 300 462 332 venerit
484 300 649 340 scriptor,
672 296 779 328 omnia
805 296 971 337 proferat,
994 306 1075 338 quae
1099 296 1139 328 ab
1161 295 1223 327 illo
1245 295 1284 327 de
1307 296 1428 338 oppido
1458 297 1580 329 tradita
1610 302 1696 332 sunt.
1742 298 1916 331 Praeterea
1941 309 1977 331 ea
1999 299 2065 331 fuit

327 358 445 389 horum
467 357 663 397 scriptorum
686 353 793 393 ratio,
823 357 861 385 ut
890 353 1082 386 Praenestis
1112 353 1239 385 veteris
1263 353 1403 385 historia
1426 353 1641 395 praefationis
1666 354 1772 386 instar
1793 359 1967 388 uterentur
1992 366 2066 388 cum

329 414 367 445 ad
389 412 632 445 describendam
656 409 915 441 ecclesiasticam
940 410 1166 442 Palaestrinae
1190 411 1385 451 historiam,
1417 416 1486 443 tum
1518 412 1557 443 ad
1586 415 1772 443 sanctorum
1804 412 1910 444 vitam
1935 412 2066 453 copiose

329 469 565 511 exponendam,
587 466 707 508 quibus
730 466 886 508 oppidum
911 466 1036 500 clarum
1059 468 1132 501 fuit.
1178 467 1319 500 Accedit
1331 467 1428 509 illud,
1453 468 1539 510 quod
1553 473 1665 500 nostra
1680 472 1782 499 aetate
1796 468 1868 499 viri
1881 469 2066 502 doctissimi

330 536 443 566 magna
476 534 548 555 cum
572 523 749 565 diligentia
780 528 812 554 et
834 523 986 556 feliciore
1010 526 1144 557 numine
1168 525 1260 556 ducti
1283 531 1491 557 monumenta
1523 525 1639 557 Italiae
1665 525 1937 566 perquisiverunt
1968 531 2001 557 et
2029 527 2065 557 in

327 580 538 614 describenda
554 581 769 622 topographia
781 590 939 612 summam
961 586 1141 623 posuerunt
1162 582 1370 615 industriam.
1414 581 1530 623 Itaque
1551 592 1623 622 ege,
1648 582 1705 623 qui
1728 582 1789 614 hoc
1807 587 1952 624 tempore
1964 581 2065 614 Prae-

327 639 532 671 nestinorum
554 638 730 669 historiam
753 638 967 669 enarrandam
992 639 1143 679 suscepi,
1174 637 1328 679 pluribus
1354 643 1387 669 et
1410 638 1511 669 novis
1532 638 1670 669 auxiliis
1699 639 1829 670 adiutus
1854 649 1923 670 rem
1945 643 2065 670 tracta-

329 701 394 726 tam
417 695 499 726 bene
523 699 700 724 retractare
722 703 863 733 possum.

458 751 585 782 Verum
610 760 677 782 non
700 749 787 782 illud
804 750 893 788 ,mihi
912 750 1083 792 proposui,
1106 754 1143 781 ut
1167 759 1376 791 quaecunque
1398 749 1437 782 de
1449 749 1627 782 Praeneste
1653 750 1772 791 oppido
1785 750 1906 783 disseri
1921 758 2064 793 possent,

329 818 543 851 exponerem,
566 808 622 839 sed
642 807 745 838 solam
772 808 886 848 oppidi
912 818 1013 848 usque
1035 808 1075 838 ad
1098 807 1195 838 finem
1209 807 1347 837 Romani
1370 807 1504 847 imperii
1529 807 1703 838 historiam
1721 807 1925 838 scribendam
1939 809 2065 851 suscepi

330 871 364 898 et
387 876 422 898 ea
444 870 571 897 tantum
594 868 761 905 praeterea
776 863 983 904 adumbravi,
1010 873 1091 905 quae
1113 863 1153 894 ad
1174 863 1278 904 ipsam
1298 862 1473 895 historiam
1495 863 1575 895 bene
1599 863 1819 904 exponendam
1842 874 1923 906 opus
1946 871 2063 897 essent.

330 924 371 954 In
397 922 488 954 aliud
508 927 634 962 tempus
668 921 773 961 igitur
804 922 887 952 mihi
907 921 1038 962 seposui
1062 920 1275 952 describenda
1307 921 1597 951 Praenestinorum
1623 920 1810 960 ingenium,
1845 931 1971 961 mores,
1995 922 2065 953 dia-

330 979 470 1016 lectum,
494 987 585 1009 sacra
609 976 818 1018 cultumque,
847 978 1058 1018 magistratus
1081 981 1112 1008 et
1137 977 1337 1018 sacerdotia,
1361 977 1525 1008 Fortunae
1550 976 1754 1019 aliorumque
1777 978 1912 1010 deorum
1934 978 2067 1020 templa,

331 1041 437 1068 sortes
459 1040 489 1067 et
513 1034 666 1075 collegia,
690 1035 835 1066 scholam
856 1034 1104 1066 Faustinianam
1123 1039 1155 1066 et
1180 1034 1364 1066 clarissima
1389 1035 1503 1076 oppidi
1517 1035 1677 1075 aedificia,
1698 1035 1799 1067 fastos
1821 1036 2065 1076 Praenestinos,

332 1093 406 1125 alia.
452 1093 560 1124 Etiam
586 1091 626 1122 de
652 1091 855 1124 lithostrotis
875 1103 976 1124 meam
990 1092 1188 1124 sententiam
1204 1092 1271 1123 alio
1293 1092 1365 1123 loco
1382 1092 1535 1134 pluribus
1557 1092 1757 1135 argumentis
1772 1092 1902 1126 firmare
1917 1093 2066 1135 studebo,

333 1151 483 1193 quamvis
505 1155 543 1183 ut
566 1159 601 1181 ea
623 1150 757 1182 omnino
779 1151 1144 1193 praetermitterentur,
1168 1149 1243 1182 fieri
1263 1161 1328 1182 non
1348 1150 1504 1192 potuerit.

2155 1272 2167 1351 *bou—
