2208 2709
1007 32 1063 71 ’36

292 162 418 194 Verum
443 157 619 190 maximnm
639 160 767 198 partem
791 156 879 188 solae
902 160 1018 194 sortes,
1042 164 1122 197 quae
1144 154 1329 197 antiquitus
1348 154 1516 189 Fortunae
1530 155 1766 190 Praenestinae
1788 157 1908 201 templi

160 222 258 253 decus
281 218 423 256 fuerant,
446 220 526 247 tunc
542 211 657 256 oppidi
679 214 820 254 gloriam
841 213 1079 254 divulgabant,
1104 213 1150 244 ita
1172 218 1210 244 ut
1230 212 1421 254 plerumque
1446 215 1482 245 in
1503 214 1667 255 sol-tibin,
1702 215 1906 255 quulismt
1950 232 1952 235 ·

162 287 271 309 earum
295 280 351 307 aut
375 274 576 311 auctoritas,
600 276 655 302 aut
679 275 897 311 contemptus,
921 281 994 303 sors
1016 269 1307 303 Praenestinorum
1327 270 1433 311 posita
1458 277 1553 304 esset.
1601 272 1674 313 Quo
1696 270 1817 305 {netum
1839 277 1902 313 est,

162 341 198 368 ut
220 333 433 366 Domitianus
457 338 652 370 magnopere
673 328 904 360 Praenestinis
927 329 1074 366 faveret,
1104 339 1178 360 nam
1211 339 1289 370 nper
1310 328 1460 369 singulos
1484 338 1587 361 annos
1606 331 1748 363 sortium
1770 330 1904 363 oracula

161 393 229 424 sibi
255 390 439 431 expetivit,
470 387 553 418 laeta
588 397 647 427 per
669 392 776 418 totum
800 387 935 431 imperii
957 387 1119 427 spatium,
1146 392 1289 418 extrema
1310 386 1524 419 tristissimam
1538 385 1578 427 ¹).
1624 386 1739 428 ltaque
1761 387 1904 423 Praeno-

163 449 265 488 stini,
297 448 353 488 qui
378 446 524 477 omnium
551 445 785 485 imperatorum
809 445 966 476 honorem
990 445 1108 477 statuis
1143 444 1369 484 celebrabant,
1399 444 1630 477 Domitianum
1650 444 1751 477 valde
1779 446 1905 479 adulati

162 511 237 538 sunt
258 511 289 535 et
315 505 350 535 in
376 503 596 543 inscriptione
621 512 694 533 eum
717 501 949 534 Germanicum
974 502 1189 543 appellarunt.
1234 503 1349 544 Neque
1365 502 1453 533 enim
1469 507 1543 543 est,
1573 512 1633 534 cur
1654 501 1714 534 hac
1735 502 1776 533 de
1801 503 1904 535 insri-

161 564 274 604 ptione
298 561 450 593 Orellius
473 560 615 600 dubitet,
638 570 739 601 quum
760 560 894 592 Sueton.
919 560 1016 591 Dom.
1032 570 1058 591 c.
1074 562 1114 593 13
1139 560 1223 592 illud
1245 570 1422 601 cognomen
1448 569 1466 590 a
1482 559 1675 591 Domitiano
1698 570 1738 591 ex
1751 560 1905 600 snperbia

162 624 362 660 assumptum
384 629 455 649 esse
478 617 688 658 comprobet,
724 628 828 658 neque
851 628 1000 658 >unquam
1030 618 1218 658 principum
1251 617 1436 649 adulatores
1461 616 1630 648 defuerint
1657 622 1691 648 et
1711 617 1743 650 J.
1769 617 1905 658 Lipsius

163 679 198 710 in
222 676 336 709 multis
359 675 502 707 nummis
525 675 756 707 Domitianum
773 675 1005 707 Germanicum
1029 675 1189 716 appellari
1211 679 1353 706 testetur
1364 675 1402 716 2).
1449 674 1537 713 Quid
1557 673 1645 714 quod
1658 674 1786 707 Statius
1808 673 1902 714 (silw

163 737 226 776 IV,
252 738 284 776 4,
310 735 366 775 15)
390 735 568 766 Praeneste
592 744 726 766 sacrum
746 734 926 775 appellasse
952 734 1111 773 videtur,
1135 743 1199 775 quo
1220 732 1449 765 Domitianum
1469 737 1502 764 et
1523 741 1630 764 seram
1640 732 1669 773 ³)
1694 731 1905 774 imperatoris

163 795 303 826 sortium
327 792 583 825 celebrationem
607 791 806 823 adularetur.

294 851 414 881 Eadem
437 854 506 879 erat
520 858 595 888 erga
618 848 721 878 malos
745 853 776 878 et
796 849 898 878 bonos
915 848 1083 888 principes
1099 848 1254 881 adulatio.
1301 847 1457 879 Faustina
1476 858 1562 880 uxor
1580 847 1626 881 M.
1646 847 1762 881 Aurel.
1779 847 1904 883 Anton,

161 907 357 947 Philosophi
384 910 555 946 antequam
577 905 635 936 ille
663 906 841 945 imperator
866 905 971 936 sactus
1004 909 1053 937 est
1083 910 1213 937 mortua
1247 909 1339 945 erat,
1370 904 1453 936 mala
1473 904 1612 944 mulier,
1645 914 1731 936 uxor
1752 905 1901 945 pessima.

160 965 211 995 Ex
232 963 406 995 voluntate
429 963 598 993 Antonini
620 962 746 994 Philos.
772 962 941 993 etiamtum
968 961 1119 994 Caesaris
1153 962 1292 993 Senatus
1317 961 1481 994 Romanus
1503 961 1694 993 Faustinam
1728 961 1819 993 deam
1847 961 1903 993 de·

161 1020 307 1051 claravit
321 1021 360 1059 ⁴).
407 1018 480 1050 Nec
502 1019 712 1049 Praenestini
735 1019 928 1058 defuerunt,
950 1029 1025 1049 nam
1044 1018 1188 1050 libenter
1207 1019 1400 1050 Antoninus
1424 1019 1600 1052 Praeneste
1624 1019 1760 1051 secessit
1785 1019 1902 1059 ibique

163 1077 270 1109 filium
281 1077 409 1109 Verum
427 1077 599 1109 Caesarem
616 1076 728 1108 amisit
739 1076 777 1116 ⁵).
823 1075 943 1107 Schola
958 1076 1171 1108 Faustiniana
1186 1076 1362 1108 Praeneste
1383 1086 1512 1117 quoque
1527 1075 1659 1107 condita
1676 1080 1737 1116 est,
1760 1080 1793 1107 et
1807 1073 1901 1116 puel-

160 1134 267 1165 larum
287 1135 577 1166 Faustinianarum
598 1135 637 1165 ad
660 1144 754 1165 usum
779 1134 892 1164 domus
917 1134 954 1164 C.
979 1134 1111 1165 Valerii
1132 1135 1318 1166 llermaisci
1343 1134 1500 1175 templum
1525 1134 1657 1175 Serapis
1684 1144 1758 1166 ann.
1786 1134 1848 1167 157
1870 1142 1902 1174 p.

161 1192 238 1224 Chr.
270 1197 505 1223 exstruxerunt
520 1193 565 1236 6)ι
606 1191 649 1222 Et
678 1190 790 1222 schola
819 1190 1032 1221 Faustiniana
1060 1196 1091 1222 et
1120 1191 1276 1232 templum
1306 1191 1439 1232 Serapis
1474 1192 1510 1223 in
1540 1202 1602 1223 una
1623 1191 1795 1232 eademque
1816 1189 1903 1221 scala

159 1249 313 1289 illarum,
334 1260 414 1290 quae
438 1250 477 1281 ad
498 1250 662 1281 Fortunae
685 1248 842 1290 templum
864 1248 1045 1288 ducebant,
1077 1249 1208 1281 condita
1237 1259 1306 1281 esse
1328 1249 1489 1281 videntur
1500 1251 1550 1291 ⁷),
1579 1254 1612 1281 et
1638 1259 1738 1291 quum
1772 1251 1903 1289 praeter

159 1307 243 1338 illud
267 1308 475 1347 magnificum
501 1307 659 1347 templum
683 1307 780 1338 etiam
803 1306 868 1337 alia
895 1311 1061 1338 exstructa
1085 1313 1214 1348 essent,
1238 1307 1297 1339 hac
1318 1318 1446 1350 quoque
1469 1318 1505 1340 re
1528 1307 1777 1349 comprobatur,
1807 1314 1902 1346 quam

157 1373 261 1402 parva
285 1363 330 1389 sit
353 1363 422 1390 mla
443 1362 662 1396 reliquiarum
686 1363 864 1392 auctoritas
890 1363 928 1392 ad
959 1362 1068 1394 locum
1097 1374 1161 1403 quo
1184 1364 1341 1400 templum
1373 1365 1537 1392 Fortunae
1560 1365 1727 1390 exstiterit
1750 1366 1900 1391 accurate

158 1416 418 1449 describendum.
465 1414 575 1445 Notus
598 1418 647 1444 est
669 1412 834 1444 Hadriani
864 1423 956 1444 amor
990 1424 1066 1454 erga
1094 1413 1280 1445 Antinoum
1311 1413 1480 1455 quemdam
1507 1415 1660 1447 iuvenem
1679 1420 1774 1457 atque
1796 1416 1901 1456 locus,

157 1485 220 1515 quo
237 1478 376 1504 statuam
405 1471 545 1512 mythici
573 1471 717 1501 Antinoi
751 1470 922 1500 llamilton
957 1481 1031 1502 ann.
1063 1472 1146 1503 1835
1183 1472 1297 1502 effodit
1329 1477 1362 1502 et
1386 1483 1450 1512 quo
1474 1473 1585 1504 eodem
1608 1474 1794 1515 insequenti
1816 1485 1901 1506 anno

157 1532 242 1564 aliae
264 1541 318 1562 res
345 1529 479 1561 effossae
502 1532 593 1568 sunt,
615 1527 756 1560 sortasse
779 1526 888 1558 locum
909 1526 1025 1557 domus
1046 1536 1212 1557 caesareae
1237 1527 1461 1560 demonstrant
1474 1529 1514 1569 ⁸).

202 1628 228 1666 ¹)
250 1629 372 1658 Sueton.
398 1629 484 1656 Dom.
509 1627 556 1656 15.

200 1680 227 1714 2)
249 1680 345 1707 Orelli
369 1679 441 1706 inse.
463 1679 531 1707 769.
560 1677 589 1706 J.
609 1677 734 1713 Lipsius
758 1676 787 1705 in
809 1676 871 1704 vita
891 1676 1006 1705 Taciti.-
1035 1682 1152 1705 exstant
1177 1675 1314 1706 nummi
1340 1686 1397 1706 non
1426 1678 1512 1715 pauci
1541 1689 1605 1708 cuin
1631 1680 1679 1708 his
1700 1679 1797 1711 notis:
1823 1682 1897 1718 Imp.

236 1728 318 1756 Caes.
341 1728 422 1755 Flav.
448 1727 650 1754 Domitianus.
673 1727 754 1760 Aug.
776 1727 893 1753 Germ.
914 1727 1003 1754 Pont.
1026 1728 1107 1754 Max.
1131 1736 1159 1760 q.
1179 1736 1243 1760 seq.

195 1778 223 1815 3)
233 1779 297 1808 Cic.
311 1779 347 1806 de
357 1778 418 1806 div.
429 1779 469 1812 11,
477 1777 531 1807 85:
542 1777 611 1812 quis
625 1776 703 1805 enim
715 1775 903 1811 magistratus
913 1785 942 1811 q.
954 1784 1016 1811 seq.
1027 1787 1059 1797 ...
1074 1772 1102 1812 ⁴)
1113 1775 1176 1805 Dia
1185 1776 1296 1810 LXXI,
1306 1776 1397 1807 30.—
1408 1774 1436 1812 ⁵)
1445 1776 1504 1805 Jul.
1516 1777 1612 1814 Capit.
1624 1778 1664 1805 Μ.
1674 1779 1744 1807 Ant.
1753 1779 1835 1808 Phil.
1846 1781 1893 1808 21.

196 1828 223 1865 ⁶)
245 1830 340 1857 Orelli
365 1830 456 1857 inser.
479 1828 568 1857 1895.
598 1828 718 1856 Gruter.
739 1827 788 1861 85,
810 1828 830 1857 2
851 1837 880 1862 q.
904 1836 967 1862 seq.
998 1827 1118 1856 Petrini
1139 1836 1164 1855 s.
1183 1835 1209 1856 a.
1235 1826 1291 1856 140
1312 1832 1342 1855 et
1364 1827 1421 1859 157
1441 1838 1471 1866 p.
1495 1828 1565 1856 Chr.
1587 1829 1755 1859 Faustinam
1773 1839 1894 1860 uxorem

231 1878 377 1906 Antonini
399 1878 453 1904 Pii
475 1878 569 1904 fuisse
590 1882 723 1912 enarrat3
752 1877 870 1903 scilicet
889 1885 924 1903 eo
945 1877 1089 1904 adductus
1111 1886 1175 1903 esse
1196 1877 1330 1911 videtur,
1358 1879 1437 1912 quod
1469 1879 1579 1909 Antan.
1601 1880 1720 1909 Philus.
1741 1890 1815 1909 anno
1840 1882 1894 1911 157

231 1939 290 1963 quo
311 1929 449 1965 templum
469 1927 573 1964 Serap.
595 1926 744 1956 conditum
766 1932 820 1961 est,
843 1926 1003 1964 imperator
1021 1927 1148 1956 nondum
1168 1931 1240 1961 erat.
1281 1927 1362 1956 Idem
1388 1936 1413 1957 s.
1436 1937 1507 1960 ann.
1529 1929 1584 1958 117
1616 1929 1733 1965 TraJani
1761 1930 1894 1958 flamines

230 1978 391 2004 Praeneste
410 1978 506 2004 fuisse
528 1977 679 2003 contendit
702 1985 763 2005 sec.
786 1977 932 2013 Volpium
954 1979 991 2005 de
1012 1978 1120 2007 Praen.
1142 1988 1169 2007 c.
1192 1978 1211 2006 6
1232 1988 1262 2014 p.
1287 1979 1352 2013 130,
1375 1989 1460 2014 quen
1477 1980 1589 2008 librum
1608 1990 1664 2016 ego
1685 1990 1743 2009 non
1763 1981 1833 2017 leg-i.

193 2025 223 2064 7)
244 2026 413 2065 Capmartin
433 2026 455 2057 l.
476 2026 498 2056 l.
520 2026 562 2061 11,
582 2026 652 2057 295.

192 2079 220 2113 8)
241 2079 287 2107 Cf.
310 2076 473 2115 Ἡτὼἃοῑος.
494 2076 747 2115 Snteutgmgbtatt
767 2079 843 2109 1836
864 2089 894 2116 p.
907 2079 949 2109 36
961 2089 990 2114 q.
1003 2088 1066 2114 seq.
1087 2091 1127 2100 --
1145 2076 1376 2115 Inscriptionen
1398 2076 1429 2107 in
1442 2077 1611 2109 Pertinacis
1629 2079 1768 2109 honorem
1789 2077 1889 2117 (Grut.

228 2127 279 2161 26,
301 2125 335 2162 4)
355 2127 429 2155 male
449 2133 611 2163 suspectam
632 2136 698 2155 esse
719 2134 818 2156 censet
836 2129 932 2156 Orelli
955 2129 1023 2159 898.
1066 2129 1234 2157 Caracaune
1256 2128 1362 2162 inser„
1381 2129 1433 2163 qui
1452 2139 1528 2159 anno
1549 2132 1608 2160 213
1632 2141 1661 2166 p.
1683 2130 1754 2160 chr.
1774 2131 1891 2159 titulum

227 2177 398 2205 Germanici
420 2177 588 2213 assumpsit,
610 2177 680 2205 vide
698 2187 745 2214 ap.
769 2174 853 2208 Grut.
870 2178 936 2212 150,
949 2178 1205 2207 5.—-Alexander
1219 2177 1346 2207 Severus
1366 2178 1490 2207 sortium
1510 2179 1767 2208 Praenestinarum
1788 2189 1890 2208 oracu-

228 2227 288 2254 lum
308 2226 369 2254 sibi
393 2227 555 2263 expetivit,
577 2234 666 2260 quum
687 2228 898 2263 Heliogabalus
920 2228 949 2255 ei
972 2228 1311 2262 insidiaretur,·hocce:
1338 2228 1373 2257 Si
1401 2238 1460 2264 qun
1486 2231 1546 2259 sata
1565 2239 1668 2267 aspera
1686 2238 1819 2267 rumpas,
1842 2231 1888 2258 'ru

226 2277 385 2305 Marcellus
404 2277 482 2312 eris;
502 2276 570 2307 Ael.
591 2277 743 2314 Lamprid.
764 2278 855 2307 Alex.
878 2277 947 2307 Sev.
970 2278 1001 2307 4.
