2208 2709
1059 9 1111 49 21

225 135 515 169 Praenestinorum
537 133 722 177 superbiam
739 142 756 165 a
779 131 935 166 Romanis
957 132 1044 165 certe
1055 136 1257 175 perspectam
1274 132 1349 165 fesse
1366 131 1549 164 arbitratur
1571 133 1608 165 in
1621 132 1748 166 reiecto
1772 132 1845 165 iure
1857 135 1943 167 civi-

224 194 316 232 tatis,
337 194 424 235 quod
443 204 511 226 non
528 191 704 235 universae
728 191 860 223 civitati
879 191 935 223 sed
956 190 1182 233 defensoribus
1202 194 1330 223 tantum
1351 190 1496 223 Casilini
1518 190 1664 222 oblatum
1684 192 1768 232 fuit,
1795 192 1946 233 quamvis

227 249 346 282 Micali
368 252 438 292 ipse
461 250 529 281 alio
552 248 623 280 loco
639 248 664 290 ¹)
688 248 852 281 Hernicos
872 259 947 280 suas
969 248 1058 290 leges
1075 248 1303 280 Romanorum
1315 249 1451 280 civitati
1473 247 1671 289 praetulisse
1688 254 1814 281 narret
1843 254 1876 281 et
1906 249 1947 282 de

223 307 412 351 Aequorum
431 306 537 339 simili
559 306 675 350 agendi
695 306 823 339 ratione
846 305 923 339 Liv.
937 305 1002 348 IX,
1026 307 1069 340 45
1084 310 1118 338 et
1138 305 1341 347 XX111‚'2o
1361 305 1564 340 laudaverit.>

351 366 557 398 Praenestini
586 376 646 408 per
679 369 784 397 totum
814 364 939 396 bellum
968 365 1124 405 punicum
1152 364 1329 396 secundum
1359 364 1417 396 fidi
1445 370 1694 406 permanserunt
1724 364 1945 396 Romanorum

224 423 322 463 socii,
343 428 375 454 et
394 434 478 455 anno
501 425 565 457 547
585 423 630 456 Μ.
653 423 775 454 Livius
799 422 1023 458 Salinator-‘et
1045 421 1201 454 Claudius
1224 421 1316 453 Nero
1338 432 1418 455 coss.
1451 423 1562 454 eodem
1589 424 1641 455 die
1663 424 1842 455 Praeneste
1864 433 1942 453 con-

223 486 397 522 venerunt,
419 481 505 513 unde
526 481 763 522 triumphantes
785 479 918 511 Romam
940 479 1088 511 redirent
1102 480 1140 517 ²).
1186 479 1311 511 Verum
1332 484 1405 521 post
1427 480 1608 513 confectum
1621 481 1682 513 hoc
1702 480 1825 512 bellum
1841 479 1942 513 Prae-

223 538 325 569 nestis
344 548 463 570 nomen
481 539 605 570 terrori
628 537 694 569 fuit
714 538 876 569 Romanae
898 537 1051 577 civitati3
1080 548 1153 569 nam
1178 537 1319 569 servitia
1343 538 1531 570 coniurasse
1553 543 1585 570 et
1609 538 1784 570 Praeneste
1815 538 1943 568 firmam

221 594 384 627 bellorum
406 595 513 627 sedem
533 600 729 637 occupatura
749 595 939 627 nunciatum
970 599 1019 627 est
1048 606 1132 628 anno
1154 597 1228 630 556.
1275 595 1339 628 Sed
1371 596 1409 628 de
1440 596 1627 638 quingentis
1656 597 1725 629 fere
1753 595 1941 628 hominibus

221 652 419 693 supplicium
439 658 601 693 sumptum
625 658 657 684 et
678 664 741 695 pax
761 653 858 685 facile
881 653 1033 684 restituta
1055 658 1107 685 est
1118 653 1159 694 3).

345 708 487 742 Eandem
506 710 670 742 sociorum
693 711 831 743 Romani
855 711 989 752 imperii
1013 710 1237 743 condicionem
1257 709 1463 742 Praenestini
1487 721 1570 742 anno
1590 712 1654 745 579
1685 711 1853 743 etiamtum
1883 720 1939 742 ex-

221 765 399 799 hibuerunt
420 768 595 800 secundum
620 773 743 800 certum
764 768 861 800 Livii
880 769 1116 810 testimonium,
1140 769 1198 810 qui
1222 768 1300 800 illes
1324 779 1361 800 eo
1383 769 1454 809 ipso
1475 769 1607 800 nomine
1627 769 1766 809 appellat
1786 774 1819 800 et
1839 766 1941 800 simul

219 823 383 855 sociorum
405 825 631 857 condicionem
653 836 720 858 non
745 825 975 867 iurequodam
992 826 1055 858 'sed
1075 826 1144 857 fere
1165 825 1305 857 arbitrio
1329 825 1498 858 consulum
1521 831 1552 857 et
1573 830 1703 857 senatus
1727 826 1761 857 id
1782 824 1940 865 temporis

219 879 325 911 nisam
356 891 425 913 esse
455 886 595 914 testatur
606 883 646 924 ⁴¹).
692 883 902 914 Praenestini
923 883 1072 925 quamvis
1101 883 1185 915 socii
1205 884 1312 915 essent
1334 884 1463 915 foedere
1487 884 1593 915 iuncti
1618 883 1761 914 iniuriae
1781 882 1861 914 irati
1883 892 1938 912 su-

218 937 377 978 perbique
399 939 546 972 consulis
568 940 608 973 1..
630 939 793 972 Postumii
817 940 903 972 nihil
925 951 1086 983 opponere
1112 941 1183 973 ausi
1197 941 1377 982 sunt,‘uisi
1391 940 1560 972 silentium
1576 941 1676 972 nimis
1690 945 1745 972 aut
1759 939 1941 970 modestum

197 998 274 1043 ⁴aut
296 994 451 1028 timidum
481 1002 513 1028 et
546 997 766 1030 Romanorum
796 1000 981 1041 superbiam
1009 1000 1046 1031 in
1073 1000 1180 1031 socios
1207 999 1313 1031 omnis
1342 999 1630 1031 Praenestinorum
1662 998 1784 1030 civitas
1808 996 1941 1029 eandem

216 1050 307 1091 tulit,
331 1063 425 1093 quam
442 1053 523 1085 olim
545 1055 635 1086 solus
656 1056 837 1096 praefectus
859 1057 1004 1088 cohortis
1025 1056 1157 1088 socialis
1181 1056 1221 1088 in·
1234 1056 1370 1098 Papti'rio
1397 1056 1539 1088 Cursore
1558 1060 1757 1096 cognoverat
1770 1056 1809 1095 ⁵).

347 1110 418 1143 Iam
440 1122 477 1143 eo
498 1118 635 1144 ventum
659 1119 719 1155 est,
740 1119 778 1146 ut
789 1114 886 1147 Livii
910 1115 982 1147 loco
1000 1115 1106 1147 oblato
1127 1115 1272 1146 omnium
1292 1115 1429 1151 illorum
1449 1114 1645 1145 sententiam
1658 1113 1859 1151 refellamus,
1883 1110 1940 1151 qui

219 1166 282 1197 iam
304 1167 419 1199 multis
441 1170 536 1201 annis
563 1175 636 1201 ante
667 1170 751 1202 illud
783 1177 910 1213 tempus
936 1173 1112 1204 Praeneste
1144 1173 1302 1205 coloniam
1330 1172 1547 1203 Romanorum
1575 1171 1697 1202 sactum
1722 1179 1791 1200 esse
1814 1167 1941 1208 opinati

219 1229 308 1255 sunt.
353 1225 474 1258 Livius
497 1228 582 1258 enim
609 1228 713 1260 tradit
727 1229 754 1270 ὅ)
778 1229 815 1261 P.
832 1230 971 1261 Furium
990 1230 1124 1262 Philum
1145 1241 1229 1261 anno
1248 1232 1311 1264 581
1327 1229 1503 1260 Praeneste
1517 1228 1683 1260 exulatum
1698 1226 1829 1258 abiisse.
1861 1224 1943 1256 Erat

218 1282 400 1322 antiquitus
421 1283 510 1315 inter
529 1285 762 1317 Praenestinos
783 1292 815 1318 et
830 1286 992 1318 Romanos
1012 1289 1161 1328 pactione
1176 1289 1422 1327 iuramentoque
1443 1286 1671 1323 constitutum,
1693 1288 1732 1314 ut
1747 1293 1859 1314 omnes
1878 1281 1942 1320 rei,

218 1337 275 1378 qui
297 1338 456 1369 iudicium
479 1346 667 1378 exspectare
687 1343 835 1384 nollent,
869 1344 1046 1376 Praeneste
1072 1345 1110 1375 in
1140 1345 1279 1377 exilium
1307 1343 1399 1373 abire
1427 1345 1561 1381 possent
1572 1340 1610 1381 ⁷).
1655 1338 1765 1380 Atque
1789 1338 1886 1371 exilii
1909 1348 1943 1368 ea

220 1398 289 1425 erat
309 1394 415 1434 ratio,
440 1397 479 1425 ut
499 1404 575 1426 reus
597 1394 765 1426 civitatem
785 1394 984 1426 mutarent
999 1401 1151 1436 eoquod
1164 1420 1168 1423 .
1181 1401 1271 1426 aivi·
1300 1399 1391 1424 altus
1408 1394 1559 1423 civltatis
1587 1393 1693 1424 factus
1723 1397 1810 1425 esset
1839 1403 1943 1434 poena

220 1450 418 1483 liberaretur
428 1451 466 1493 8).
514 1450 633 1483 Coloni
657 1455 763 1482 autem
792 1450 884 1482 cives
918 1455 1011 1483 erant
1040 1450 1178 1484 Romani
1205 1456 1298 1493 atque
1327 1449 1364 1481 iu
1394 1448 1557 1481 coloniam
1580 1459 1674 1482 nemo
1702 1450 1747 1481 ita
1773 1450 1939 1482 exulatum

220 1509 311 1542 abire
331 1509 458 1552 potuit,
480 1513 518 1541 ut
540 1510 662 1541 iustum
685 1507 822 1541 exilium
845 1514 1025 1551 putaretur.

348 1566 559 1599 Praenestini
583 1571 648 1598 tam
665 1577 757 1608 saepe
778 1567 876 1599 etiam
897 1572 1042 1609 tempore
1062 1565 1120 1599 vel
1142 1565 1281 1611 maxime
1304 1569 1488 1607 opportuno
1508 1569 1622 1596 contra
1638 1564 1855 1597 Romanorum
1876 1566 1937 1597 im-

222 1624 350 1665 perium
373 1624 496 1656 frustra
522 1624 784 1665 rebellaverant,
806 1630 844 1656 ut
866 1636 906 1656 ne
930 1630 1079 1656 conatum
1100 1618 1230 1666 quidem
1240 1623 1390 1656 facerent
1409 1622 1645 1664 recuperandae
1659 1623 1820 1664 pristinae
1837 1623 1939 1655 liber-

222 1682 312 1721 tatis,
334 1682 484 1723 quamvis
505 1682 643 1713 Romani
671 1683 814 1723 undique
838 1686 1063 1723 premerentur
1093 1686 1125 1712 et
1154 1681 1287 1723 imperii
1318 1681 1456 1713 exitium
1482 1680 1593 1711 adesse
1622 1680 1803 1712 videretur.
1851 1681 1940 1720 Quid

223 1738 309 1781 quod
341 1739 379 1770 in
404 1749 519 1781 magno
554 1738 615 1771 illo
647 1739 734 1772 bello
767 1740 884 1772 sociali
913 1740 1039 1782 pariter
1068 1732 1162 1781 atque
1191 1738 1313 1781 reliqui
1337 1738 1449 1770 Latini
1472 1738 1647 1781 tranquilli
1676 1743 1937 1781 permanserunt,

224 1807 415 1838 quamquam
436 1798 654 1838 pristinorum
672 1797 836 1829 bellorum
858 1798 943 1829 socii
962 1798 1031 1829 fere
1055 1807 1166 1828 omues
1185 1801 1297 1850 contra
1312 1797 1472 1829 Romanos
1488 1797 1697 1829 rebellarunt.
1743 1796 1867 1827 Notum
1889 1799 1939 1827 est

224 1855 332 1887 socios
353 1855 460 1897 primo
479 1860 544 1886 tam
564 1853 711 1887 feliciter
730 1864 902 1896 pugnasse,
925 1858 964 1885 ut
980 1854 1129 1896 Romani,
1152 1865 1194 1887 ne
1214 1853 1268 1886 illi
1291 1864 1428 1896 quoque,
1451 1854 1509 1895 qui
1532 1854 1568 1885 in
1587 1854 1650 1887 fide
1669 1855 1937 1895 permansissent,

265 1999 289 2036 ¹)
308 2001 422 2030 Ibidem
448 2002 502 2036 lv,
525 2002 589 2036 128,
608 2011 638 2032 n.
663 2002 691 2032 1.
711 2013 752 2022 --
771 2000 869 2032 Etiam
890 2000 997 2030 Cicero
1021 2001 1044 2030 l.
1066 2001 1086 2031 1.
1114 2006 1211 2030 narrat
1228 1999 1384 2038 Neapolim
1404 2005 1433 2029 et
1453 2000 1620 2029 Heracleam
1641 2000 1812 2036 haesitasse,
1842 2006 1937 2029 utrum

301 2051 347 2080 ius
369 2062 499 2081 romanae
518 2053 649 2081 civitatis
670 2053 838 2089 acciperent
857 2061 922 2082 nec
929 2062 976 2082 ne.

263 2099 289 2137 2)
309 2102 378 2131 Liv.
401 2103 545 2136 XXVIII,
567 2103 596 2132 9.
617 2116 656 2123 -
677 2100 791 2138 3)Liv.
814 2076 1071 2135 XXX11‚zo.-
1093 2099 1121 2137 ⁴)
1141 2101 1210 2130 Liv.
1229 2102 1325 2136 XLII,
1346 2103 1375 2131 l.

262 2149 291 2186 ⁵)
310 2151 394 2180 Alias
416 2153 447 2181 in
466 2153 564 2181 socios
586 2152 711 2184 iniurias
732 2153 802 2181 vide
821 2162 867 2189 ap.
890 2152 1394 2187 Liv.1.1.Anl.Ge11.n.n.x,
1412 2153 1440 2183 3.
1461 2153 1499 2184 cf.
1523 2163 1554 2191 p.
1575 2152 1616 2186 24
1636 2156 1697 2186 not.
1718 2152 1747 2182 5.

263 2199 290 2237 ⁶)
310 2202 422 2236 xmn,
439 2203 469 2232 2.
487 2219 524 2226 -
548 2197 575 2239 7)
593 2203 704 2240 Polyb
725 2203 781 2237 vl,
803 2202 890 2237 14,3
892 2224 901 2233 .

262 2252 290 2288 8)
309 2252 354 2282 Cf.
378 2261 451 2288 quae
472 2253 593 2289 egregie
614 2254 666 2281 hac
687 2254 723 2281 de
744 2262 776 2281 re
798 2253 939 2290 exposuit
957 2253 1091 2288 Niebuhr
1111 2253 1232 2284 1.1.11
1248 2262 1279 2290 p.
1297 2253 1348 2285 72.
